<?xml version="1.0" encoding="UTF-8"?>
<!DOCTYPE html PUBLIC "-//W3C//DTD XHTML 1.0 Transitional//EN"
    "http://www.w3.org/TR/xhtml1/DTD/xhtml1-transitional.dtd">
<html xmlns="http://www.w3.org/1999/xhtml" xml:lang="en" lang="en">
 <head>
  <title>
</title>
<meta http-equiv="Content-Type" content="text/html;charset=utf-8" />
  <meta name='ocr-system' content='tesseract 3.04.00' />
  <meta name='ocr-capabilities' content='ocr_page ocr_carea ocr_par ocr_line ocrx_word'/>
</head>
<body>
  <div class='ocr_page' id='page_1' title='image "./musalatinaaberdo01gedduoft_0324.png"; bbox 0 0 2594 3749; ppageno 0'>
   <div class='ocr_carea' id='block_1_1' title="bbox 669 358 1686 400">
    <p class='ocr_par' dir='ltr' id='par_1_1' title="bbox 669 358 1686 400">
     <span class='ocr_line' id='line_1_1' title="bbox 669 358 1686 400; baseline -0.004 0"><span class='ocrx_word' id='word_1_1' title='bbox 669 358 751 400; x_wconf 89' lang='lat'><strong>282</strong></span> <span class='ocrx_word' id='word_1_2' title='bbox 1446 365 1686 397; x_wconf 84' lang='lat' dir='ltr'><strong>PARERGA.</strong></span> 
     </span>
    </p>
   </div>
   <div class='ocr_carea' id='block_1_2' title="bbox 1205 926 1931 969">
    <p class='ocr_par' dir='ltr' id='par_1_2' title="bbox 1205 926 1931 969">
     <span class='ocr_line' id='line_1_2' title="bbox 1205 926 1931 969; baseline 0 -1"><span class='ocrx_word' id='word_1_3' title='bbox 1205 928 1401 968; x_wconf 91' lang='lat' dir='ltr'>XLVII.</span> <span class='ocrx_word' id='word_1_4' title='bbox 1438 928 1524 968; x_wconf 85' lang='lat' dir='ltr'><strong>DE</strong></span> <span class='ocrx_word' id='word_1_5' title='bbox 1557 926 1931 969; x_wconf 89' lang='lat' dir='ltr'><strong>VULTURNO.</strong></span> 
     </span>
    </p>
   </div>
   <div class='ocr_carea' id='block_1_3' title="bbox 842 1075 2473 2442">
    <p class='ocr_par' dir='ltr' id='par_1_3' title="bbox 842 1075 2473 2442">
     <span class='ocr_line' id='line_1_3' title="bbox 842 1075 1894 1132; baseline -0.004 -12"><span class='ocrx_word' id='word_1_6' title='bbox 842 1080 879 1121; x_wconf 93' lang='lat' dir='ltr'>O</span> <span class='ocrx_word' id='word_1_7' title='bbox 904 1077 1011 1119; x_wconf 90' lang='lat' dir='ltr'><strong>mihi</strong></span> <span class='ocrx_word' id='word_1_8' title='bbox 1035 1077 1071 1119; x_wconf 92' lang='lat' dir='ltr'><strong>si</strong></span> <span class='ocrx_word' id='word_1_9' title='bbox 1094 1077 1243 1131; x_wconf 90' lang='lat' dir='ltr'><strong>lapsos</strong></span> <span class='ocrx_word' id='word_1_10' title='bbox 1266 1083 1490 1132; x_wconf 80' lang='lat' dir='ltr'><strong>repararet</strong></span> <span class='ocrx_word' id='word_1_11' title='bbox 1516 1075 1717 1131; x_wconf 90' lang='lat' dir='ltr'><strong>Iuppiter</strong></span> <span class='ocrx_word' id='word_1_12' title='bbox 1738 1090 1894 1126; x_wconf 90' lang='lat' dir='ltr'><strong>annos,</strong></span> 
     </span>
     <span class='ocr_line' id='line_1_4' title="bbox 901 1144 1835 1200; baseline -0.003 -11"><span class='ocrx_word' id='word_1_13' title='bbox 901 1148 959 1189; x_wconf 91' lang='lat' dir='ltr'><strong>Et</strong></span> <span class='ocrx_word' id='word_1_14' title='bbox 982 1148 1092 1189; x_wconf 81' lang='lat' dir='ltr'><strong>foret</strong></span> <span class='ocrx_word' id='word_1_15' title='bbox 1115 1146 1159 1187; x_wconf 91' lang='lat' dir='ltr'><strong>in</strong></span> <span class='ocrx_word' id='word_1_16' title='bbox 1182 1146 1321 1196; x_wconf 91' lang='lat' dir='ltr'><strong>venis,</strong></span> <span class='ocrx_word' id='word_1_17' title='bbox 1346 1145 1420 1200; x_wconf 93' lang='lat' dir='ltr'><strong>qui</strong></span> <span class='ocrx_word' id='word_1_18' title='bbox 1438 1145 1520 1187; x_wconf 89' lang='lat' dir='ltr'><strong>fuit</strong></span> <span class='ocrx_word' id='word_1_19' title='bbox 1543 1151 1662 1195; x_wconf 91' lang='lat' dir='ltr'><strong>ante,</strong></span> <span class='ocrx_word' id='word_1_20' title='bbox 1686 1144 1835 1199; x_wconf 89' lang='lat' dir='ltr'><strong>vigor!</strong></span> 
     </span>
     <span class='ocr_line' id='line_1_5' title="bbox 845 1213 1780 1264; baseline -0.003 -7"><span class='ocrx_word' id='word_1_21' title='bbox 845 1215 902 1257; x_wconf 91' lang='lat' dir='ltr'><strong>Di</strong></span> <span class='ocrx_word' id='word_1_22' title='bbox 927 1215 1008 1257; x_wconf 83' lang='lat' dir='ltr'>sibi</span> <span class='ocrx_word' id='word_1_23' title='bbox 1032 1221 1258 1257; x_wconf 88' lang='lat' dir='ltr'><strong>servarent</strong></span> <span class='ocrx_word' id='word_1_24' title='bbox 1282 1213 1629 1256; x_wconf 86' lang='lat' dir='ltr'><strong>armamentaria</strong></span> <span class='ocrx_word' id='word_1_25' title='bbox 1655 1213 1780 1264; x_wconf 91' lang='lat' dir='ltr'><strong>caeli,</strong></span> 
     </span>
     <span class='ocr_line' id='line_1_6' title="bbox 899 1282 1941 1338; baseline -0.002 -12"><span class='ocrx_word' id='word_1_26' title='bbox 899 1284 1098 1338; x_wconf 83' lang='lat' dir='ltr'><strong>Telaque</strong></span> <span class='ocrx_word' id='word_1_27' title='bbox 1120 1283 1394 1325; x_wconf 85' lang='lat' dir='ltr'>Vulturnum</span> <span class='ocrx_word' id='word_1_28' title='bbox 1419 1297 1532 1337; x_wconf 89' lang='lat' dir='ltr'><strong>quae</strong></span> <span class='ocrx_word' id='word_1_29' title='bbox 1556 1283 1770 1324; x_wconf 89' lang='lat' dir='ltr'><strong>metuisse</strong></span> <span class='ocrx_word' id='word_1_30' title='bbox 1792 1282 1941 1324; x_wconf 91' lang='lat' dir='ltr'><strong>velim.</strong></span> 
     </span>
     <span class='ocr_line' id='line_1_7' title="bbox 846 1351 1956 1406; baseline -0.002 -11"><span class='ocrx_word' id='word_1_31' title='bbox 846 1354 1051 1395; x_wconf 90' lang='lat' dir='ltr'><strong>Riderem</strong></span> <span class='ocrx_word' id='word_1_32' title='bbox 1076 1353 1224 1394; x_wconf 86' lang='lat' dir='ltr'><strong>trifida</strong></span> <span class='ocrx_word' id='word_1_33' title='bbox 1247 1352 1509 1394; x_wconf 83' lang='lat' dir='ltr'><strong>minitantes</strong></span> <span class='ocrx_word' id='word_1_34' title='bbox 1532 1352 1712 1406; x_wconf 83' lang='lat' dir='ltr'>cuspide</span> <span class='ocrx_word' id='word_1_35' title='bbox 1734 1351 1956 1402; x_wconf 87' lang='lat' dir='ltr'><strong>flammas,</strong></span> 
     </span>
     <span class='ocr_line' id='line_1_8' title="bbox 902 1420 1920 1476; baseline -0.002 -12"><span class='ocrx_word' id='word_1_36' title='bbox 902 1423 962 1464; x_wconf 83' lang='lat' dir='ltr'><strong>Et</strong></span> <span class='ocrx_word' id='word_1_37' title='bbox 985 1421 1123 1464; x_wconf 89' lang='lat' dir='ltr'><strong>telum</strong></span> <span class='ocrx_word' id='word_1_38' title='bbox 1147 1421 1309 1476; x_wconf 88' lang='lat' dir='ltr'><strong>triplici</strong></span> <span class='ocrx_word' id='word_1_39' title='bbox 1333 1422 1449 1475; x_wconf 92' lang='lat' dir='ltr'><strong>quod</strong></span> <span class='ocrx_word' id='word_1_40' title='bbox 1471 1421 1584 1463; x_wconf 86' lang='lat' dir='ltr'><strong>freta</strong></span> <span class='ocrx_word' id='word_1_41' title='bbox 1606 1423 1739 1463; x_wconf 91' lang='lat' dir='ltr'><strong>dente</strong></span> <span class='ocrx_word' id='word_1_42' title='bbox 1763 1420 1920 1475; x_wconf 91' lang='lat' dir='ltr'><strong>quatit.</strong></span> 
     </span>
     <span class='ocr_line' id='line_1_9' title="bbox 844 1489 2161 1546; baseline -0.002 -13"><span class='ocrx_word' id='word_1_43' title='bbox 844 1492 1079 1546; x_wconf 83' lang='lat' dir='ltr'><strong>Quamque</strong></span> <span class='ocrx_word' id='word_1_44' title='bbox 1102 1491 1214 1545; x_wconf 88' lang='lat' dir='ltr'><strong>gerit</strong></span> <span class='ocrx_word' id='word_1_45' title='bbox 1237 1491 1452 1532; x_wconf 86' lang='lat' dir='ltr'><strong>frameam</strong></span> <span class='ocrx_word' id='word_1_46' title='bbox 1480 1491 1616 1540; x_wconf 89' lang='lat' dir='ltr'><strong>Mars,</strong></span> <span class='ocrx_word' id='word_1_47' title='bbox 1641 1496 1684 1532; x_wconf 91' lang='lat' dir='ltr'><strong>et</strong></span> <span class='ocrx_word' id='word_1_48' title='bbox 1709 1490 1939 1545; x_wconf 89' lang='lat' dir='ltr'><strong>Cyllenius</strong></span> <span class='ocrx_word' id='word_1_49' title='bbox 1961 1489 2161 1544; x_wconf 88' lang='lat' dir='ltr'><strong>harpem‚</strong></span> 
     </span>
     <span class='ocr_line' id='line_1_10' title="bbox 903 1558 1942 1614; baseline -0.001 -13"><span class='ocrx_word' id='word_1_50' title='bbox 903 1561 961 1601; x_wconf 83' lang='lat' dir='ltr'><strong>Et</strong></span> <span class='ocrx_word' id='word_1_51' title='bbox 985 1574 1120 1614; x_wconf 91' lang='lat' dir='ltr'><strong>quam</strong></span> <span class='ocrx_word' id='word_1_52' title='bbox 1144 1558 1409 1614; x_wconf 83' lang='lat' dir='ltr'><strong>bellipotens</strong></span> <span class='ocrx_word' id='word_1_53' title='bbox 1431 1558 1601 1613; x_wconf 86' lang='lat' dir='ltr'><strong>Aegida</strong></span> <span class='ocrx_word' id='word_1_54' title='bbox 1625 1558 1774 1600; x_wconf 91' lang='lat' dir='ltr'><strong>Pallas</strong></span> <span class='ocrx_word' id='word_1_55' title='bbox 1794 1558 1942 1600; x_wconf 89' lang='lat' dir='ltr'><strong>habet.</strong></span> 
     </span>
     <span class='ocr_line' id='line_1_11' title="bbox 845 1628 1908 1684; baseline -0.001 -13"><span class='ocrx_word' id='word_1_56' title='bbox 845 1631 1055 1684; x_wconf 74' lang='lat' dir='ltr'><strong>Quasque</strong></span> <span class='ocrx_word' id='word_1_57' title='bbox 1079 1643 1159 1670; x_wconf 88' lang='lat' dir='ltr'><strong>suo</strong></span> <span class='ocrx_word' id='word_1_58' title='bbox 1181 1628 1291 1670; x_wconf 91' lang='lat' dir='ltr'><strong>caeli</strong></span> <span class='ocrx_word' id='word_1_59' title='bbox 1314 1629 1472 1670; x_wconf 86' lang='lat' dir='ltr'><strong>fidicen</strong></span> <span class='ocrx_word' id='word_1_60' title='bbox 1496 1643 1573 1682; x_wconf 91' lang='lat' dir='ltr'><strong>pro</strong></span> <span class='ocrx_word' id='word_1_61' title='bbox 1595 1634 1696 1670; x_wconf 89' lang='lat' dir='ltr'><strong>vate</strong></span> <span class='ocrx_word' id='word_1_62' title='bbox 1719 1628 1908 1682; x_wconf 82' lang='lat' dir='ltr'><strong>sagittas</strong></span> 
     </span>
     <span class='ocr_line' id='line_1_12' title="bbox 905 1696 2472 1752; baseline -0.002 -13"><span class='ocrx_word' id='word_1_63' title='bbox 905 1697 1091 1740; x_wconf 84' lang='lat' dir='ltr'><strong>Strinxit</strong></span> <span class='ocrx_word' id='word_1_64' title='bbox 1115 1698 1159 1738; x_wconf 91' lang='lat' dir='ltr'><strong>in</strong></span> <span class='ocrx_word' id='word_1_65' title='bbox 1182 1697 1412 1752; x_wconf 87' lang='lat' dir='ltr'><strong>Argolicas</strong></span> <span class='ocrx_word' id='word_1_66' title='bbox 1437 1696 1762 1751; x_wconf 90' lang='lat' dir='ltr'><strong>Dulichiasque</strong></span> <span class='ocrx_word' id='word_1_67' title='bbox 1784 1704 1919 1739; x_wconf 89' lang='lat' dir='ltr'><strong>rates.</strong></span> <span class='ocrx_word' id='word_1_68' title='bbox 2420 1707 2472 1736; x_wconf 92' lang='lat'><strong>10</strong></span> 
     </span>
     <span class='ocr_line' id='line_1_13' title="bbox 849 1765 1974 1821; baseline -0.001 -13"><span class='ocrx_word' id='word_1_69' title='bbox 849 1766 1098 1808; x_wconf 90' lang='lat' dir='ltr'><strong>Herculeae</strong></span> <span class='ocrx_word' id='word_1_70' title='bbox 1121 1781 1201 1809; x_wconf 90' lang='lat' dir='ltr'><strong>nec</strong></span> <span class='ocrx_word' id='word_1_71' title='bbox 1223 1781 1352 1821; x_wconf 90' lang='lat' dir='ltr'><strong>opem</strong></span> <span class='ocrx_word' id='word_1_72' title='bbox 1377 1766 1583 1821; x_wconf 88' lang='lat' dir='ltr'><strong>dignarer</strong></span> <span class='ocrx_word' id='word_1_73' title='bbox 1605 1780 1785 1820; x_wconf 88' lang='lat' dir='ltr'><strong>poscere</strong></span> <span class='ocrx_word' id='word_1_74' title='bbox 1808 1765 1974 1816; x_wconf 90' lang='lat' dir='ltr'><strong>clavae,</strong></span> 
     </span>
     <span class='ocr_line' id='line_1_14' title="bbox 903 1833 2013 1889; baseline -0.002 -12"><span class='ocrx_word' id='word_1_75' title='bbox 903 1835 1052 1877; x_wconf 87' lang='lat' dir='ltr'><strong>Effera</strong></span> <span class='ocrx_word' id='word_1_76' title='bbox 1075 1835 1163 1877; x_wconf 90' lang='lat' dir='ltr'><strong>sint</strong></span> <span class='ocrx_word' id='word_1_77' title='bbox 1188 1835 1392 1889; x_wconf 79' lang='lat' dir='ltr'><strong>quamvis</strong></span> <span class='ocrx_word' id='word_1_78' title='bbox 1419 1842 1621 1877; x_wconf 87' lang='lat' dir='ltr'><strong>monstra</strong></span> <span class='ocrx_word' id='word_1_79' title='bbox 1643 1835 1866 1877; x_wconf 87' lang='lat' dir='ltr'><strong>domanda</strong></span> <span class='ocrx_word' id='word_1_80' title='bbox 1889 1833 2013 1876; x_wconf 90' lang='lat' dir='ltr'><strong>mihi.</strong></span> 
     </span>
     <span class='ocr_line' id='line_1_15' title="bbox 846 1903 1849 1958; baseline -0.003 -11"><span class='ocrx_word' id='word_1_81' title='bbox 846 1906 925 1948; x_wconf 87' lang='lat' dir='ltr'><strong>Sat</strong></span> <span class='ocrx_word' id='word_1_82' title='bbox 947 1904 1058 1946; x_wconf 86' lang='lat' dir='ltr'><strong>foret</strong></span> <span class='ocrx_word' id='word_1_83' title='bbox 1081 1904 1212 1946; x_wconf 93' lang='lat' dir='ltr'><strong>Aonii</strong></span> <span class='ocrx_word' id='word_1_84' title='bbox 1235 1903 1382 1958; x_wconf 89' lang='lat' dir='ltr'><strong>gregis</strong></span> <span class='ocrx_word' id='word_1_85' title='bbox 1404 1903 1640 1958; x_wconf 88' lang='lat' dir='ltr'><strong>implorare</strong></span> <span class='ocrx_word' id='word_1_86' title='bbox 1663 1903 1849 1957; x_wconf 86' lang='lat' dir='ltr'><strong>puellas,</strong></span> 
     </span>
     <span class='ocr_line' id='line_1_16' title="bbox 904 1972 1898 2029; baseline -0.002 -14"><span class='ocrx_word' id='word_1_87' title='bbox 904 1975 1026 2029; x_wconf 83' lang='lat' dir='ltr'><strong>Quas</strong></span> <span class='ocrx_word' id='word_1_88' title='bbox 1049 1973 1164 2015; x_wconf 92' lang='lat' dir='ltr'><strong>colui</strong></span> <span class='ocrx_word' id='word_1_89' title='bbox 1187 1972 1376 2024; x_wconf 82' lang='lat' dir='ltr'><strong>iuvenis,</strong></span> <span class='ocrx_word' id='word_1_90' title='bbox 1400 1974 1726 2026; x_wconf 88' lang='lat' dir='ltr'><strong>devenerorque</strong></span> <span class='ocrx_word' id='word_1_91' title='bbox 1750 1987 1898 2014; x_wconf 85' lang='lat' dir='ltr'><strong>senex.</strong></span> 
     </span>
     <span class='ocr_line' id='line_1_17' title="bbox 847 2040 1984 2097; baseline -0.003 -12"><span class='ocrx_word' id='word_1_92' title='bbox 847 2044 947 2085; x_wconf 90' lang='lat' dir='ltr'><strong>Hae</strong></span> <span class='ocrx_word' id='word_1_93' title='bbox 970 2041 1079 2085; x_wconf 91' lang='lat' dir='ltr'><strong>mihi</strong></span> <span class='ocrx_word' id='word_1_94' title='bbox 1103 2042 1237 2097; x_wconf 88' lang='lat' dir='ltr'><strong>digna</strong></span> <span class='ocrx_word' id='word_1_95' title='bbox 1260 2043 1417 2084; x_wconf 87' lang='lat' dir='ltr'><strong>darent</strong></span> <span class='ocrx_word' id='word_1_96' title='bbox 1440 2041 1652 2084; x_wconf 90' lang='lat' dir='ltr'><strong>Vulturni</strong></span> <span class='ocrx_word' id='word_1_97' title='bbox 1675 2040 1859 2083; x_wconf 89' lang='lat' dir='ltr'><strong>crimine</strong></span> <span class='ocrx_word' id='word_1_98' title='bbox 1881 2040 1984 2092; x_wconf 91' lang='lat' dir='ltr'><strong>tela,</strong></span> 
     </span>
     <span class='ocr_line' id='line_1_18' title="bbox 904 2109 1800 2164; baseline -0.003 -11"><span class='ocrx_word' id='word_1_99' title='bbox 904 2112 998 2153; x_wconf 93' lang='lat' dir='ltr'><strong>Nec</strong></span> <span class='ocrx_word' id='word_1_100' title='bbox 1021 2118 1215 2161; x_wconf 88' lang='lat' dir='ltr'><strong>caneret,</strong></span> <span class='ocrx_word' id='word_1_101' title='bbox 1238 2117 1386 2153; x_wconf 90' lang='lat' dir='ltr'><strong>vatem</strong></span> <span class='ocrx_word' id='word_1_102' title='bbox 1412 2110 1485 2164; x_wconf 90' lang='lat' dir='ltr'><strong>qui</strong></span> <span class='ocrx_word' id='word_1_103' title='bbox 1507 2109 1705 2160; x_wconf 89' lang='lat' dir='ltr'><strong>violavit,</strong></span> <span class='ocrx_word' id='word_1_104' title='bbox 1736 2111 1800 2151; x_wconf 91' lang='lat' dir='ltr'><strong>Io.</strong></span> 
     </span>
     <span class='ocr_line' id='line_1_19' title="bbox 848 2177 2131 2236; baseline -0.002 -14"><span class='ocrx_word' id='word_1_105' title='bbox 848 2182 990 2236; x_wconf 85' lang='lat' dir='ltr'><strong>Quem</strong></span> <span class='ocrx_word' id='word_1_106' title='bbox 1015 2180 1123 2221; x_wconf 90' lang='lat' dir='ltr'><strong>latet</strong></span> <span class='ocrx_word' id='word_1_107' title='bbox 1146 2179 1402 2222; x_wconf 89' lang='lat' dir='ltr'><strong>Archilochi</strong></span> <span class='ocrx_word' id='word_1_108' title='bbox 1426 2194 1618 2233; x_wconf 89' lang='lat' dir='ltr'><strong>nequam</strong></span> <span class='ocrx_word' id='word_1_109' title='bbox 1643 2179 1798 2220; x_wconf 85' lang='lat' dir='ltr'><strong>socer?</strong></span> <span class='ocrx_word' id='word_1_110' title='bbox 1833 2178 1949 2221; x_wconf 91' lang='lat' dir='ltr'><strong>ictus</strong></span> <span class='ocrx_word' id='word_1_111' title='bbox 1971 2177 2131 2220; x_wconf 89' lang='lat' dir='ltr'><strong>iambis</strong></span> 
     </span>
     <span class='ocr_line' id='line_1_20' title="bbox 907 2248 1899 2303; baseline -0.002 -12"><span class='ocrx_word' id='word_1_112' title='bbox 907 2249 995 2291; x_wconf 92' lang='lat' dir='ltr'><strong>Hic</strong></span> <span class='ocrx_word' id='word_1_113' title='bbox 1018 2249 1143 2291; x_wconf 85' lang='lat' dir='ltr'><strong>trabe</strong></span> <span class='ocrx_word' id='word_1_114' title='bbox 1166 2250 1219 2291; x_wconf 92' lang='lat' dir='ltr'><strong>de</strong></span> <span class='ocrx_word' id='word_1_115' title='bbox 1242 2249 1361 2291; x_wconf 88' lang='lat' dir='ltr'><strong>celsa</strong></span> <span class='ocrx_word' id='word_1_116' title='bbox 1382 2248 1510 2290; x_wconf 89' lang='lat' dir='ltr'><strong>triste</strong></span> <span class='ocrx_word' id='word_1_117' title='bbox 1536 2248 1745 2303; x_wconf 89' lang='lat' dir='ltr'><strong>pependit</strong></span> <span class='ocrx_word' id='word_1_118' title='bbox 1772 2262 1899 2290; x_wconf 88' lang='lat' dir='ltr'><strong>onus.</strong></span> 
     </span>
     <span class='ocr_line' id='line_1_21' title="bbox 849 2316 1818 2372; baseline -0.002 -12"><span class='ocrx_word' id='word_1_119' title='bbox 849 2318 920 2360; x_wconf 87' lang='lat' dir='ltr'><strong>Sic</strong></span> <span class='ocrx_word' id='word_1_120' title='bbox 945 2317 1113 2372; x_wconf 88' lang='lat' dir='ltr'><strong>Ephesi</strong></span> <span class='ocrx_word' id='word_1_121' title='bbox 1135 2323 1262 2360; x_wconf 87' lang='lat' dir='ltr'><strong>vates</strong></span> <span class='ocrx_word' id='word_1_122' title='bbox 1284 2317 1476 2372; x_wconf 87' lang='lat' dir='ltr'><strong>pictores</strong></span> <span class='ocrx_word' id='word_1_123' title='bbox 1499 2317 1661 2359; x_wconf 92' lang='lat' dir='ltr'><strong>dicitur</strong></span> <span class='ocrx_word' id='word_1_124' title='bbox 1682 2316 1818 2367; x_wconf 87' lang='lat' dir='ltr'><strong>ultus,</strong></span> 
     </span>
     <span class='ocr_line' id='line_1_22' title="bbox 907 2385 2473 2442; baseline -0.003 -14"><span class='ocrx_word' id='word_1_125' title='bbox 907 2387 992 2442; x_wconf 83' lang='lat' dir='ltr'><strong>Qui</strong></span> <span class='ocrx_word' id='word_1_126' title='bbox 1017 2385 1098 2428; x_wconf 86' lang='lat' dir='ltr'><strong>sibi</strong></span> <span class='ocrx_word' id='word_1_127' title='bbox 1121 2386 1315 2429; x_wconf 91' lang='lat' dir='ltr'><strong>dissecta</strong></span> <span class='ocrx_word' id='word_1_128' title='bbox 1337 2386 1574 2441; x_wconf 86' lang='lat' dir='ltr'><strong>disperiere</strong></span> <span class='ocrx_word' id='word_1_129' title='bbox 1596 2385 1716 2440; x_wconf 86' lang='lat' dir='ltr'><strong>gula.</strong></span> <span class='ocrx_word' id='word_1_130' title='bbox 2421 2394 2473 2425; x_wconf 91' lang='lat'><strong>20</strong></span> 
     </span>
    </p>
   </div>
   <div class='ocr_carea' id='block_1_4' title="bbox 678 2530 2469 3010">
    <p class='ocr_par' dir='ltr' id='par_1_4' title="bbox 814 2530 2271 2574">
     <span class='ocr_line' id='line_1_23' title="bbox 814 2530 2271 2574; baseline -0.003 -8"><span class='ocrx_word' id='word_1_131' title='bbox 814 2543 841 2566; x_wconf 85' lang='lat'><strong>1.</strong></span> <span class='ocrx_word' id='word_1_132' title='bbox 867 2534 896 2566; x_wconf 94' lang='lat' dir='ltr'>O</span> <span class='ocrx_word' id='word_1_133' title='bbox 913 2533 1024 2574; x_wconf 61' lang='lat' dir='ltr'><strong>mihi]</strong></span> <span class='ocrx_word' id='word_1_134' title='bbox 1069 2533 1165 2565; x_wconf 90' lang='lat' dir='ltr'><strong>Echo</strong></span> <span class='ocrx_word' id='word_1_135' title='bbox 1181 2532 1366 2572; x_wconf 81' lang='lat' dir='ltr'><strong>ofAcneid,</strong></span> <span class='ocrx_word' id='word_1_136' title='bbox 1387 2534 1487 2565; x_wconf 90' lang='lat' dir='ltr'><strong>VIII.</strong></span> <span class='ocrx_word' id='word_1_137' title='bbox 1504 2534 1578 2573; x_wconf 88' lang='lat'><strong>560,</strong></span> <span class='ocrx_word' id='word_1_138' title='bbox 1594 2532 1706 2564; x_wconf 88' lang='lat' dir='ltr'><strong>which</strong></span> <span class='ocrx_word' id='word_1_139' title='bbox 1724 2532 1825 2574; x_wconf 90' lang='lat' dir='ltr'><strong>again</strong></span> <span class='ocrx_word' id='word_1_140' title='bbox 1842 2531 1963 2564; x_wconf 84' lang='lat' dir='ltr'><strong>recalls</strong></span> <span class='ocrx_word' id='word_1_141' title='bbox 1978 2530 2083 2569; x_wconf 82' lang='lat' dir='ltr'><strong>Iliad,</strong></span> <span class='ocrx_word' id='word_1_142' title='bbox 2099 2531 2180 2562; x_wconf 88' lang='lat' dir='ltr'>V11.</span> <span class='ocrx_word' id='word_1_143' title='bbox 2200 2540 2271 2572; x_wconf 86' lang='lat'>157.</span> 
     </span>
    </p>

    <p class='ocr_par' dir='ltr' id='par_1_5' title="bbox 812 2586 1698 2629">
     <span class='ocr_line' id='line_1_24' title="bbox 812 2586 1698 2629; baseline -0.001 -10"><span class='ocrx_word' id='word_1_144' title='bbox 812 2598 842 2628; x_wconf 87' lang='lat'><strong>5.</strong></span> <span class='ocrx_word' id='word_1_145' title='bbox 869 2587 1070 2629; x_wconf 63' lang='lat' dir='ltr'><strong>Flammas]</strong></span> <span class='ocrx_word' id='word_1_146' title='bbox 1117 2588 1191 2619; x_wconf 90' lang='lat' dir='ltr'><strong>The</strong></span> <span class='ocrx_word' id='word_1_147' title='bbox 1209 2588 1368 2619; x_wconf 87' lang='lat' dir='ltr'><strong>“fulmen</strong></span> <span class='ocrx_word' id='word_1_148' title='bbox 1380 2587 1400 2602; x_wconf 85' lang='lat'><strong>&#39;&#39;</strong></span> <span class='ocrx_word' id='word_1_149' title='bbox 1417 2597 1454 2619; x_wconf 91' lang='lat' dir='ltr'><strong>or</strong></span> <span class='ocrx_word' id='word_1_150' title='bbox 1471 2586 1698 2619; x_wconf 86' lang='lat' dir='ltr'><strong>thunderbolt.</strong></span> 
     </span>
    </p>

    <p class='ocr_par' dir='ltr' id='par_1_6' title="bbox 812 2641 1291 2682">
     <span class='ocr_line' id='line_1_25' title="bbox 812 2641 1291 2682; baseline -0.002 -9"><span class='ocrx_word' id='word_1_151' title='bbox 812 2644 843 2673; x_wconf 90' lang='lat'><strong>6.</strong></span> <span class='ocrx_word' id='word_1_152' title='bbox 868 2642 1019 2682; x_wconf 59' lang='lat' dir='ltr'><strong>Telum]</strong></span> <span class='ocrx_word' id='word_1_153' title='bbox 1063 2643 1139 2674; x_wconf 86' lang='lat' dir='ltr'><strong>The</strong></span> <span class='ocrx_word' id='word_1_154' title='bbox 1155 2641 1291 2674; x_wconf 87' lang='lat' dir='ltr'><strong>trident.</strong></span> 
     </span>
    </p>

    <p class='ocr_par' dir='ltr' id='par_1_7' title="bbox 813 2695 1992 2739">
     <span class='ocr_line' id='line_1_26' title="bbox 813 2695 1992 2739; baseline -0.002 -11"><span class='ocrx_word' id='word_1_155' title='bbox 813 2707 843 2739; x_wconf 90' lang='lat'><strong>7.</strong></span> <span class='ocrx_word' id='word_1_156' title='bbox 870 2697 1049 2738; x_wconf 89' lang='lat' dir='ltr'><strong>Harpem.]</strong></span> <span class='ocrx_word' id='word_1_157' title='bbox 1093 2697 1167 2728; x_wconf 89' lang='lat' dir='ltr'><strong>The</strong></span> <span class='ocrx_word' id='word_1_158' title='bbox 1182 2706 1326 2737; x_wconf 84' lang='lat' dir='ltr'><strong>weapon</strong></span> <span class='ocrx_word' id='word_1_159' title='bbox 1343 2697 1382 2728; x_wconf 89' lang='lat' dir='ltr'><strong>of</strong></span> <span class='ocrx_word' id='word_1_160' title='bbox 1396 2697 1548 2734; x_wconf 86' lang='lat' dir='ltr'><strong>Perseus,</strong></span> <span class='ocrx_word' id='word_1_161' title='bbox 1567 2695 1646 2727; x_wconf 90' lang='lat' dir='ltr'><strong>here</strong></span> <span class='ocrx_word' id='word_1_162' title='bbox 1663 2695 1763 2736; x_wconf 87' lang='lat' dir='ltr'><strong>given</strong></span> <span class='ocrx_word' id='word_1_163' title='bbox 1780 2700 1816 2726; x_wconf 90' lang='lat' dir='ltr'><strong>to</strong></span> <span class='ocrx_word' id='word_1_164' title='bbox 1835 2695 1992 2726; x_wconf 89' lang='lat' dir='ltr'><strong>Hermes.</strong></span> 
     </span>
    </p>

    <p class='ocr_par' dir='ltr' id='par_1_8' title="bbox 794 2747 2469 2902">
     <span class='ocr_line' id='line_1_27' title="bbox 812 2747 2375 2792; baseline -0.002 -9"><span class='ocrx_word' id='word_1_165' title='bbox 812 2761 844 2791; x_wconf 89' lang='lat'><strong>9.</strong></span> <span class='ocrx_word' id='word_1_166' title='bbox 869 2751 963 2783; x_wconf 89' lang='lat' dir='ltr'><strong>Caeli</strong></span> <span class='ocrx_word' id='word_1_167' title='bbox 981 2751 1132 2792; x_wconf 86' lang='lat' dir='ltr'><strong>fidicen.]</strong></span> <span class='ocrx_word' id='word_1_168' title='bbox 1177 2751 1302 2792; x_wconf 86' lang='lat' dir='ltr'><strong>Apollo</strong></span> <span class='ocrx_word' id='word_1_169' title='bbox 1319 2751 1352 2781; x_wconf 90' lang='lat' dir='ltr'><strong>in</strong></span> <span class='ocrx_word' id='word_1_170' title='bbox 1371 2750 1442 2782; x_wconf 86' lang='lat' dir='ltr'><strong>first</strong></span> <span class='ocrx_word' id='word_1_171' title='bbox 1458 2749 1552 2781; x_wconf 81' lang='lat' dir='ltr'><strong>Iliad</strong></span> <span class='ocrx_word' id='word_1_172' title='bbox 1570 2750 1785 2791; x_wconf 79' lang='lat' dir='ltr'><strong>intervening</strong></span> <span class='ocrx_word' id='word_1_173' title='bbox 1798 2750 1831 2780; x_wconf 90' lang='lat' dir='ltr'><strong>in</strong></span> <span class='ocrx_word' id='word_1_174' title='bbox 1849 2749 1967 2781; x_wconf 89' lang='lat' dir='ltr'><strong>behalf</strong></span> <span class='ocrx_word' id='word_1_175' title='bbox 1977 2749 2016 2781; x_wconf 87' lang='lat' dir='ltr'><strong>os</strong></span> <span class='ocrx_word' id='word_1_176' title='bbox 2028 2748 2080 2780; x_wconf 87' lang='lat' dir='ltr'><strong>his</strong></span> <span class='ocrx_word' id='word_1_177' title='bbox 2097 2747 2200 2790; x_wconf 85' lang='lat' dir='ltr'><strong>priest</strong></span> <span class='ocrx_word' id='word_1_178' title='bbox 2217 2747 2375 2788; x_wconf 89' lang='lat' dir='ltr'><strong>Chryses.</strong></span> 
     </span>
     <span class='ocr_line' id='line_1_28' title="bbox 794 2801 2431 2847; baseline -0.002 -10"><span class='ocrx_word' id='word_1_179' title='bbox 794 2816 844 2847; x_wconf 91' lang='lat'><strong>17.</strong></span> <span class='ocrx_word' id='word_1_180' title='bbox 868 2806 1062 2838; x_wconf 87' lang='lat' dir='ltr'><strong>Archilochi</strong></span> <span class='ocrx_word' id='word_1_181' title='bbox 1087 2830 1096 2838; x_wconf 88' lang='lat'><strong>.</strong></span> <span class='ocrx_word' id='word_1_182' title='bbox 1121 2829 1129 2838; x_wconf 85' lang='lat'><strong>.</strong></span> <span class='ocrx_word' id='word_1_183' title='bbox 1156 2830 1163 2836; x_wconf 93' lang='lat'><em>.</em></span> <span class='ocrx_word' id='word_1_184' title='bbox 1189 2807 1311 2846; x_wconf 68' lang='lat' dir='ltr'><strong>socen]</strong></span> <span class='ocrx_word' id='word_1_185' title='bbox 1356 2805 1430 2837; x_wconf 92' lang='lat' dir='ltr'><strong>The</strong></span> <span class='ocrx_word' id='word_1_186' title='bbox 1448 2805 1576 2837; x_wconf 88' lang='lat' dir='ltr'><strong>suicide</strong></span> <span class='ocrx_word' id='word_1_187' title='bbox 1592 2805 1631 2837; x_wconf 87' lang='lat' dir='ltr'><strong>of</strong></span> <span class='ocrx_word' id='word_1_188' title='bbox 1646 2804 1848 2846; x_wconf 84' lang='lat' dir='ltr'><strong>Lycambes,</strong></span> <span class='ocrx_word' id='word_1_189' title='bbox 1866 2803 1993 2835; x_wconf 87' lang='lat' dir='ltr'><strong>caused</strong></span> <span class='ocrx_word' id='word_1_190' title='bbox 2009 2803 2053 2844; x_wconf 96' lang='lat' dir='ltr'><strong>by</strong></span> <span class='ocrx_word' id='word_1_191' title='bbox 2069 2803 2126 2834; x_wconf 84' lang='lat' dir='ltr'><strong>the</strong></span> <span class='ocrx_word' id='word_1_192' title='bbox 2143 2802 2253 2843; x_wconf 85' lang='lat' dir='ltr'><strong>stings</strong></span> <span class='ocrx_word' id='word_1_193' title='bbox 2269 2802 2308 2834; x_wconf 80' lang='lat' dir='ltr'><strong>of</strong></span> <span class='ocrx_word' id='word_1_194' title='bbox 2319 2801 2431 2834; x_wconf 87' lang='lat' dir='ltr'><strong>satire.</strong></span> 
     </span>
     <span class='ocr_line' id='line_1_29' title="bbox 795 2856 2469 2902; baseline -0.002 -11"><span class='ocrx_word' id='word_1_195' title='bbox 795 2870 844 2900; x_wconf 87' lang='lat'><strong>19.</strong></span> <span class='ocrx_word' id='word_1_196' title='bbox 870 2861 996 2902; x_wconf 89' lang='lat' dir='ltr'><strong>Ephesi</strong></span> <span class='ocrx_word' id='word_1_197' title='bbox 1022 2862 1146 2901; x_wconf 67' lang='lat' dir='ltr'><strong>vates]</strong></span> <span class='ocrx_word' id='word_1_198' title='bbox 1192 2861 1386 2901; x_wconf 87' lang='lat' dir='ltr'><strong>Hipponax,</strong></span> <span class='ocrx_word' id='word_1_199' title='bbox 1415 2860 1448 2891; x_wconf 91' lang='lat' dir='ltr'><strong>in</strong></span> <span class='ocrx_word' id='word_1_200' title='bbox 1476 2860 1612 2901; x_wconf 87' lang='lat' dir='ltr'><strong>dealing</strong></span> <span class='ocrx_word' id='word_1_201' title='bbox 1638 2859 1720 2890; x_wconf 90' lang='lat' dir='ltr'><strong>with</strong></span> <span class='ocrx_word' id='word_1_202' title='bbox 1748 2859 1806 2890; x_wconf 85' lang='lat' dir='ltr'><strong>the</strong></span> <span class='ocrx_word' id='word_1_203' title='bbox 1833 2858 2037 2890; x_wconf 86' lang='lat' dir='ltr'><strong>caricatures</strong></span> <span class='ocrx_word' id='word_1_204' title='bbox 2064 2857 2103 2890; x_wconf 90' lang='lat' dir='ltr'><strong>of</strong></span> <span class='ocrx_word' id='word_1_205' title='bbox 2129 2857 2199 2888; x_wconf 90' lang='lat' dir='ltr'><strong>him</strong></span> <span class='ocrx_word' id='word_1_206' title='bbox 2226 2856 2271 2898; x_wconf 93' lang='lat' dir='ltr'><strong>by</strong></span> <span class='ocrx_word' id='word_1_207' title='bbox 2293 2856 2469 2898; x_wconf 86' lang='lat' dir='ltr'><strong>sculptors,</strong></span> 
     </span>
    </p>

    <p class='ocr_par' dir='ltr' id='par_1_9' title="bbox 678 2913 1882 2956">
     <span class='ocr_line' id='line_1_30' title="bbox 678 2913 1882 2956; baseline -0.002 -10"><span class='ocrx_word' id='word_1_208' title='bbox 678 2920 738 2947; x_wconf 84' lang='lat' dir='ltr'><strong>not</strong></span> <span class='ocrx_word' id='word_1_209' title='bbox 762 2915 922 2956; x_wconf 81' lang='lat' dir='ltr'><strong>painters,</strong></span> <span class='ocrx_word' id='word_1_210' title='bbox 947 2925 985 2946; x_wconf 91' lang='lat' dir='ltr'><strong>as</strong></span> <span class='ocrx_word' id='word_1_211' title='bbox 1009 2915 1099 2947; x_wconf 88' lang='lat' dir='ltr'><strong>here.</strong></span> <span class='ocrx_word' id='word_1_212' title='bbox 1146 2915 1311 2956; x_wconf 84' lang='lat' dir='ltr'><strong>(Perhaps</strong></span> <span class='ocrx_word' id='word_1_213' title='bbox 1336 2914 1540 2953; x_wconf 83' lang='lat' dir='ltr'><strong>“fictores‚’&#39;</strong></span> <span class='ocrx_word' id='word_1_214' title='bbox 1564 2920 1624 2945; x_wconf 88' lang='lat' dir='ltr'><strong>not</strong></span> <span class='ocrx_word' id='word_1_215' title='bbox 1649 2913 1882 2954; x_wconf 84' lang='lat' dir='ltr'><strong>“pictores”.)</strong></span> 
     </span>
    </p>

    <p class='ocr_par' dir='ltr' id='par_1_10' title="bbox 794 2968 1906 3010">
     <span class='ocr_line' id='line_1_31' title="bbox 794 2968 1906 3010; baseline -0.001 -10"><span class='ocrx_word' id='word_1_216' title='bbox 794 2977 844 3000; x_wconf 90' lang='lat'><strong>20.</strong></span> <span class='ocrx_word' id='word_1_217' title='bbox 870 2968 970 3008; x_wconf 88' lang='lat' dir='ltr'><strong>Sibi.]</strong></span> <span class='ocrx_word' id='word_1_218' title='bbox 1024 2969 1077 3002; x_wconf 90' lang='lat' dir='ltr'><strong>To</strong></span> <span class='ocrx_word' id='word_1_219' title='bbox 1092 2969 1134 3001; x_wconf 90' lang='lat' dir='ltr'><strong>be</strong></span> <span class='ocrx_word' id='word_1_220' title='bbox 1149 2969 1250 3001; x_wconf 88' lang='lat' dir='ltr'><strong>taken</strong></span> <span class='ocrx_word' id='word_1_221' title='bbox 1269 2969 1302 3000; x_wconf 91' lang='lat' dir='ltr'><strong>in</strong></span> <span class='ocrx_word' id='word_1_222' title='bbox 1319 2969 1411 3001; x_wconf 87' lang='lat' dir='ltr'><strong>close</strong></span> <span class='ocrx_word' id='word_1_223' title='bbox 1428 2968 1631 3001; x_wconf 86' lang='lat' dir='ltr'><strong>connection</strong></span> <span class='ocrx_word' id='word_1_224' title='bbox 1649 2968 1731 2999; x_wconf 85' lang='lat' dir='ltr'><strong>with</strong></span> <span class='ocrx_word' id='word_1_225' title='bbox 1749 2971 1768 2985; x_wconf 78' lang='lat'><strong>‘⁴</strong></span> <span class='ocrx_word' id='word_1_226' title='bbox 1784 2968 1864 3010; x_wconf 84' lang='lat' dir='ltr'><strong>gula</strong></span> <span class='ocrx_word' id='word_1_227' title='bbox 1876 2969 1906 2999; x_wconf 84' lang='grc'><strong>”.</strong></span> 
     </span>
    </p>
   </div>
   <div class='ocr_carea' id='block_1_5' title="bbox 2563 865 2575 1575">
    <p class='ocr_par' dir='ltr' id='par_1_11' title="bbox 2563 865 2575 1575">
     <span class='ocr_line' id='line_1_32' title="bbox 2563 865 2575 1575; baseline 0 0"><span class='ocrx_word' id='word_1_228' title='bbox 2563 865 2575 1575; x_wconf 95' lang='lat' dir='ltr'><strong> </strong></span> 
     </span>
    </p>
   </div>
  </div>
 </body>
</html>
