2594 3749
677 368 759 421 258

1460 371 1700 403 PARERGA.

852 492 1047 535 Nomina
1070 490 1354 539 conveniunt,
1376 496 1418 531 et
1441 503 1552 544 quos
1574 487 1646 530 hic
1669 487 1865 530 lubricus
1888 486 2034 529 amnis

908 561 1062 611 Alluit,
1088 560 1204 602 illius
1228 559 1414 602 crimina
1436 558 1583 613 gentis
1606 563 1775 600 amant.

853 632 904 672 In
927 631 1063 673 furias
1086 630 1323 685 ignemque
1349 634 1499 677 ruunt,
1523 626 1777 669 discrimine
1800 626 1938 676 nullo,

912 701 1004 742 Nec
1028 701 1160 742 datur
1182 699 1251 740 his
1275 698 1420 753 proles
1442 703 1562 739 certa
1585 702 1765 751 paterve
1788 695 1912 737 locis.

853 769 1056 820 Fallitur,
1082 769 1251 811 Idaliae
1275 767 1348 822 qui
1373 766 1545 821 quaerit
1569 766 1612 807 in
1636 780 1825 820 aequore
1848 779 1987 807 cunas

911 837 1227 892 Squamigeros
1249 836 1365 878 inter
1387 835 1743 889 crustigerosque
1765 848 1935 888 greges.

854 906 1055 956 Fallitur,
1080 906 1195 947 hanc
1219 904 1418 959 quisquis
1442 903 1579 945 credit
1603 902 1832 944 considere
1856 901 2005 957 Cypri,

913 975 1000 1017 Hic
1024 974 1098 1017 ubi
1121 974 1182 1015 nil
1206 979 1385 1029 cryptas
1408 977 1582 1027 praeter
1604 978 1647 1013 et
1671 985 1774 1013 aera
1795 970 1932 1012 vides.

854 1043 900 1086 Si
925 1043 1150 1086 Gariocha
1172 1042 1269 1092 tibi,
1294 1041 1329 1083 si
1353 1047 1486 1082 notus
1510 1039 1697 1090 Gadius,
1721 1045 1867 1081 ortum

912 1112 1123 1154 Numinis
1146 1111 1232 1161 hie,
1257 1110 1391 1160 dices,
1415 1108 1628 1158 vindieat,
1652 1108 1727 1150 illa
1748 1108 1904 1150 larem.

854 1182 973 1236 Quot
996 1181 1099 1235 iuga
1123 1178 1372 1222 Bennachii
1397 1177 1520 1220 iuxta
1548 1176 1799 1232 crispantur
1820 1175 1964 1227 ericis,

911 1249 998 1291 Tot
1022 1248 1136 1304 parit
1159 1248 1231 1290 hic
1255 1246 1434 1296 Veneri,
1458 1252 1524 1288 tot
1547 1246 1664 1287 fovet
1688 1245 1763 1287 illa
1786 1244 1931 1300 lupas.

856 1318 1130 1372 Capripedes
1154 1318 1339 1371 Satyros
1361 1321 1635 1369 eornutaque
1658 1314 1846 1356 numina
1870 1315 2065 1365 Faunos,

914 1386 1126 1441 Suspicor
1148 1386 1365 1427 obscenas
1387 1383 1458 1425 hic
1481 1383 1651 1438 agitare
1675 1383 1849 1424 choros.

858 1456 980 1497 Inter
1005 1454 1350 1508 Hamadryadas
1371 1451 1571 1502 comites,
1598 1451 1921 1507 Nymphasque
1942 1452 2158 1507 petulcaS‚

916 1525 968 1565 In
992 1525 1212 1565 Venerem
1236 1528 1340 1576 poto
1363 1521 1566 1575 suspicor
1587 1535 1719 1561 amne
1741 1520 1851 1575 rapi.

859 1594 1014 1646 Ipsum
1037 1606 1118 1646 ego
1143 1590 1422 1639 Narcissum,
1447 1589 1608 1643 quibus
1631 1595 1698 1630 est
1722 1589 1959 1639 extinctus,
1983 1590 2148 1632 amoris

915 1661 1189 1704 Crediderim
1214 1675 1266 1701 ex
1289 1659 1375 1701 isto
1396 1659 1518 1700 fonte
1541 1658 1705 1700 bibisse
1727 1658 1862 1700 faces.

859 1732 979 1772 Dum
1004 1736 1145 1784 potes,
1170 1729 1359 1770 infames
1381 1728 1483 1782 fuge
1505 1734 1569 1777 tu,
1593 1727 1695 1781 fuge
1726 1727 1894 1778 Caelia,
1918 1727 2140 1782 lymphas,

917 1798 1052 1853 Eripe
1075 1805 1118 1840 te
1142 1797 1317 1852 philtris
1339 1796 1596 1838 insidiantis
1620 1810 1775 1850 aquae.

860 1868 1113 1911 Blanditias
1136 1868 1346 1909 iuvenum
1370 1866 1498 1909 facile
1521 1872 1587 1907 est
1610 1865 1751 1908 ridere
1773 1865 1961 1920 puellis;

916 1937 996 1978 Vis
1019 1951 1193 1990 quoque
1216 1935 1393 1990 depelli,
1418 1935 1454 1977 si
1478 1935 1615 1985 lubet,
1640 1941 1734 1976 arte
1757 1941 1914 1989 potest.

862 2006 999 2048 Icaris
1022 2004 1241 2047 illecebris
1263 2018 1497 2058 procerum
1525 2003 1817 2058 precibusque
1841 2003 1980 2058 petita
2004 2010 2085 2053 est,

920 2076 1017 2116 Has
1039 2081 1192 2116 tamen
1215 2073 1346 2115 elusit
1375 2079 1500 2115 casta
1527 2072 1675 2127 puella
1701 2072 1816 2114 dolo.

860 2143 916 2184 Vi
942 2143 1166 2198 Daphnen
1191 2142 1317 2197 petiit
1341 2141 1586 2196 fugientem
1611 2155 1770 2182 saevus
1792 2141 1963 2195 Apollo,

918 2211 1021 2253 Vim
1045 2218 1197 2253 tamen
1221 2209 1361 2253 evasit
1385 2209 1508 2264 virgo
1530 2209 1690 2264 pudica
1713 2224 1856 2263 prece.

861 2282 1037 2322 Arduus
1059 2288 1104 2322 at
1128 2279 1315 2321 nimium
1339 2279 1464 2321 labor
1486 2285 1552 2320 est
1575 2292 1774 2332 pugnare
1795 2278 1992 2329 venenis,

921 2351 1016 2392 Nec
1038 2349 1168 2391 facile
1191 2348 1262 2390 hic
1286 2348 1483 2390 medicas
1506 2347 1774 2402 applicuisse
1797 2362 1972 2390 manus.

863 2418 981 2461 Vicit
1004 2418 1256 2459 Alexander
1277 2416 1465 2472 populos
1486 2415 1744 2458 victricibus
1766 2416 1916 2466 armis,

923 2487 1100 2529 Dicitur
1121 2486 1298 2529 Alcides
1321 2485 1625 2540 perdomuisse
1647 2485 1777 2527 feras.

864 2558 982 2599 Orbe
1005 2563 1157 2598 tamen
1180 2555 1363 2605 domito,
1387 2554 1551 2596 funesti
1578 2555 1680 2596 tabe
1702 2555 1860 2596 veneni

924 2626 1129 2675 (Credere
1153 2624 1251 2678 quis
1274 2630 1422 2678 posset
1440 2624 1475 2674 Ρ)
1499 2623 1644 2665 victus
1672 2630 1856 2678 uterque
1880 2623 1975 2665 fuit.

864 2693 1089 2736 Tristibus
1112 2693 1327 2747 exemplis
1351 2692 1597 2734 medicatas
1619 2691 1742 2734 ocius
1766 2693 1909 2734 undas

810 2861 862 2890 61.
890 2858 1108 2898 Bennachii.]
1149 2857 1332 2895 Benachie,
1350 2857 1407 2889 the
1424 2857 1600 2888 mountain
1618 2857 1833 2899 dominating
1849 2857 1906 2889 the
1923 2857 2052 2889 district
2069 2858 2109 2889 of
2125 2858 2284 2896 Garioch,
2302 2858 2444 2890 referred
2461 2865 2495 2890 to
2552 2852 2553 2865 ¹

694 2914 769 2946 also
787 2914 819 2945 in
838 2915 1015 2951 XXXIII.‚
1033 2914 1053 2945 l.
1072 2915 1124 2953 65,
1142 2913 1209 2944 and
1226 2913 1410 2954 especially
1427 2913 1458 2943 in
1479 2913 1587 2946 LVII.
1611 2913 1650 2944 of
1662 2912 1738 2945 Vol.
1759 2913 1804 2944 11.

812 2979 863 3013 73.
891 2967 1023 3006 Icaris.]
1070 2967 1250 3012 Penelope,
1270 2967 1309 2998 os
1320 2967 1377 2998 the
1395 2967 1554 3011 Odysscy.

2427 1109 2481 1150 60

2439 2488 2557 2529 80¹

2551 2879 2553 2965 l
