2594 3749
1482 327 1718 360 PARERGA.

932 450 1196 493 Vulturibus
1219 450 1429 504 praedam
1454 461 1542 488 non
1566 446 1670 488 sinit
1694 459 1791 487 esse
1820 443 1924 486 tuis.

873 521 961 562 Ver
982 518 1104 574 prius
1126 524 1193 560 est
1215 517 1358 568 violis,
1382 522 1531 559 aestas
1554 514 1747 558 caritura
1770 512 1951 562 cicadis,

929 589 1186 630 Autumnus
1210 584 1378 628 Bacchi
1406 598 1604 634 munere,
1628 585 1786 626 bruma
1812 581 1926 631 nive,

875 657 1062 699 Rhenus
1085 656 1141 699 ab
1165 657 1361 704 Ocean0‚
1388 654 1546 696 Rheno
1569 650 1817 695 contrarius
1842 651 1970 699 Ister,

933 725 1110 767 Euxino
1133 723 1312 778 refugus
1334 724 1388 765 de
1410 736 1532 765 mare
1554 727 1695 764 vertet
1719 720 1826 762 iter:

835 799 837 801 ’
876 796 974 837 Lux
997 808 1078 836 sua
1101 792 1332 842 sideribus,
1355 793 1540 834 deerunt
1563 805 1644 833 sua
1668 789 1812 832 sidera
1834 787 1972 838 caelo,

935 864 994 906 Et
1018 862 1191 906 caelum
1215 868 1257 904 et
1282 863 1501 916 Superum
1526 874 1627 902 cum
1653 860 1758 901 Iove
1781 858 1911 900 turba
1935 862 2046 905 ruet,

877 934 1039 988 Quam,
1064 946 1178 986 quae
1201 930 1294 972 iure
1316 936 1434 984 peto,
1458 935 1603 983 neget,
1625 934 1702 970 aut
1725 927 1906 981 impune
1928 923 2133 980 tyrannis

935 1002 1048 1043 Esse
1071 1000 1188 1042 sinat
1213 999 1337 1055 pacis
1359 998 1645 1052 iustitiaeque
1667 1010 1843 1052 parens.

880 1071 1087 1112 Phoebus
1110 1069 1181 1111 hic
1204 1075 1286 1119 est,
1310 1068 1466 1118 fateor,
1491 1082 1578 1121 quo
1600 1081 1680 1108 nec
1703 1063 1937 1107 formosior
1959 1063 2084 1112 alter,

938 1141 1032 1182 Nec
1056 1138 1211 1181 melior
1232 1145 1327 1180 toto
1351 1137 1547 1180 cernitur
1568 1137 1672 1178 orbe
1696 1136 1834 1177 Deus.

881 1211 969 1252 Fas
991 1215 1142 1251 tamen
1165 1207 1310 1257 irasci,
1335 1220 1416 1249 nec
1441 1206 1671 1247 Phoebum
1695 1205 1877 1247 dedecet
1900 1202 1990 1251 ira;

937 1277 1150 1331 Telaque,
1175 1275 1211 1318 si
1236 1275 1397 1325 neseis,
1422 1289 1535 1329 quae
1558 1273 1790 1323 iaculetur,
1814 1272 1961 1314 habet.

883 1346 962 1388 Ille
986 1345 1078 1387 suis
1100 1344 1322 1387 tumidum
1346 1343 1503 1386 stravit
1529 1343 1734 1398 Pythona
1756 1339 1948 1394 sagittis,

941 1415 993 1455 In
1017 1427 1201 1468 capreas
1222 1419 1401 1455 tantum
1426 1411 1550 1466 queis
1572 1410 1694 1465 prius
1717 1424 1824 1452 usus
1846 1414 1955 1450 erat.

883 1482 1056 1527 Occidit
1079 1482 1149 1524 his
1171 1482 1328 1536 ingens
1351 1481 1526 1536 Tityus,
1549 1480 1630 1523 tibi
1654 1479 1838 1522 crimine
1860 1477 2064 1526 iunctus;

943 1552 1023 1594 Ille
1048 1553 1185 1601 Deae,
1211 1550 1319 1592 mihi
1342 1557 1391 1593 tu
1413 1549 1502 1592 vim
1525 1549 1738 1592 scelerate
1761 1562 1907 1603 paras,

887 1621 973 1663 His
994 1620 1113 1663 dedit
1137 1620 1314 1662 Atrides
1336 1626 1465 1674 rapta
1489 1618 1733 1674 Chryseide
1755 1631 1948 1672 poenas;

945 1689 1151 1733 Coniunx
1173 1688 1463 1743 quantumvis
1485 1687 1652 1731 nullius
1674 1687 1749 1729 illa
1771 1686 1896 1728 foret.

886 1759 971 1810 Tu,
995 1773 1095 1801 mea
1118 1758 1192 1813 qui
1218 1758 1398 1800 Phoebo
1420 1771 1570 1800 coram
1595 1755 1817 1798 connubia
1839 1756 2008 1805 turbas,

947 1827 1119 1870 Moliris
1141 1826 1300 1877 maius,
1324 1841 1458 1881 quam
1483 1825 1564 1867 luit
1587 1825 1673 1875 ille,
1699 1825 1838 1867 nefas.

890 1899 991 1939 Non
1014 1896 1196 1951 impune
1218 1896 1357 1938 feres:
1391 1895 1530 1937 nostri
1552 1901 1601 1937 tu
1625 1894 1795 1949 spicula
1820 1892 1986 1935 Phoebi

949 1965 1172 2015 Protinus,
1196 1972 1238 2007 et
1262 1965 1419 2018 longas
1441 1963 1662 2018 experiere
1684 1977 1860 2004 manuS.

892 2036 1029 2077 Sueta
1051 2034 1126 2076 diu
1149 2034 1333 2075 meritae
1355 2032 1593 2075 clementia
1615 2031 1786 2074 distulit
1809 2031 1899 2073 irae

950 2102 1173 2153 Fulmina,
1197 2101 1400 2157 pensabit
1424 2103 1499 2144 sed
1522 2101 1741 2155 gravitate
1764 2114 1927 2142 moras.

894 2171 968 2213 Nil
991 2170 1079 2214 cito
1101 2171 1304 2212 firmatur
1324 2184 1538 2224 magnum
1562 2176 1604 2211 et
1628 2168 1940 2217 memorabile;
1975 2174 2174 2209 monstra

952 2239 1038 2295 Qui
1061 2239 1243 2288 domuit,
1266 2253 1352 2280 nox
1374 2238 1478 2280 huic
1500 2252 1588 2279 non
1611 2237 1693 2279 fuit
1717 2251 1805 2279 una
1829 2237 1953 2278 satis.

897 2309 955 2351 Et
979 2307 1053 2362 qui
1077 2308 1192 2350 mole
1214 2322 1309 2358 sua,
1333 2307 1407 2362 qui
1429 2314 1562 2349 terret
1585 2306 1751 2349 viribus
1773 2306 1963 2355 hostem,

957 2377 1229 2419 Protrudunt
1252 2376 1357 2419 anni
1380 2376 1451 2418 vix
1473 2375 1712 2430 elephanta
1734 2376 1900 2417 decem.

899 2446 1093 2488 Panicus
1115 2445 1320 2487 obiicitur
1341 2451 1505 2494 terror;
1540 2444 1740 2486 subiecta
1765 2443 1904 2485 Leoni

956 2514 1168 2556 Criminis
1190 2514 1391 2568 exemplo
1414 2527 1549 2567 regna
1572 2513 1820 2562 trahentur,
1845 2512 1925 2554 ais.

901 2584 1021 2625 Pone
1044 2589 1212 2625 metum
1231 2598 1240 2632 ;
1273 2583 1347 2625 vili
1371 2597 1504 2636 quam
1528 2581 1664 2624 distat
1687 2595 1881 2636 purpura
1904 2586 2067 2636 panno,

956 2652 1071 2694 Tam
1094 2651 1230 2694 distat
1254 2651 1414 2694 solium
1438 2666 1524 2705 quo
1547 2652 1669 2692 sedet
1692 2650 1764 2692 ille
1786 2656 1878 2692 tuo.

902 2721 1050 2763 Natus
1071 2720 1143 2763 hic
1165 2720 1350 2775 imperio
1372 2726 1438 2762 est
1465 2720 1690 2774 PrincepS‚
1713 2719 1875 2761 virtute
1896 2725 2047 2760 tuetur

961 2791 1038 2831 Ius
1063 2789 1272 2844 patrium,
1296 2796 1338 2831 et
1362 2804 1408 2831 se
1431 2789 1492 2830 nil
1516 2790 1597 2831 sub
1622 2790 1725 2830 Iove
1748 2787 1895 2830 maius
1916 2788 2065 2830 habet.

905 2860 999 2901 Ista
1021 2858 1139 2901 domi
1163 2873 1334 2908 secura,
1357 2858 1461 2900 foris
1488 2859 1727 2900 metuenda
1753 2863 1953 2912 potestas

963 2927 1114 2972 Mittet
1137 2941 1281 2987 opem,
1305 2941 1439 2987 quam
1463 2927 1546 2980 ius,
1569 2927 1760 2979 foedera,
1783 2940 1910 2969 sacra
1933 2932 2105 2985 petunt.

2420 726 2502 755 220

2428 1416 2510 1457 230

2435 2110 2518 2150 240

2442 2796 2525 2839 250
2583 2773 2586 2781 ⁸
