2594 3749
673 327 726 367 50

1459 328 1696 362 PARERGA.

849 443 1008 485 Ferrea
1030 443 1164 494 frons,
1191 459 1270 487 nec
1293 452 1335 487 te
1358 445 1472 488 vatis
1495 446 1771 489 contermina
1794 447 1915 490 caelo

907 513 1061 563 Fama,
1086 527 1166 556 nec
1189 513 1348 569 eloquii
1372 515 1557 558 flumina
1584 522 1710 558 tanta
1739 523 1918 559 movent
1939 517 1955 558 ?

848 580 903 620 At
927 579 1070 634 pietas
1094 581 1268 631 saltem,
1293 588 1336 624 et
1360 597 1486 625 sacro
1508 583 1754 626 reverentia
1780 583 1890 639 Regi

907 649 1084 699 Debita,
1110 651 1330 693 debebant
1354 652 1436 694 hoc
1461 652 1690 707 prohibere
1713 653 1852 695 nefas.

850 718 974 772 Quae
997 719 1158 773 tetigit,
1184 721 1440 762 moderante
1469 722 1580 771 Deo,
1608 721 1774 764 Iesseia
1801 721 1960 776 proles,

908 786 1033 828 Haec
1056 788 1358 830 Acheronteas
1381 789 1548 843 plectra
1571 804 1747 832 movere
1771 804 1931 832 manus
1951 791 1967 832 ?
2399 804 2481 845 550

851 855 1009 897 Nonne
1032 856 1163 906 hunc,
1189 858 1241 898 de
1264 858 1386 899 caelo
1408 857 1644 912 aspiciens,
1668 859 1841 900 frenare
1863 859 2054 901 furorem

907 924 1095 966 Arctoae
1118 932 1290 979 poterat
1316 926 1432 968 Diva
1455 941 1664 980 suprema
1687 926 1878 981 plagae?

851 991 949 1033 Hac
972 992 1096 1042 duce,
1124 995 1344 1035 Parnasso
1367 994 1517 1048 procul
1541 1001 1583 1036 et
1614 994 1890 1037 Permesside
1916 995 2113 1050 lympha,

911 1060 1037 1114 Quod
1060 1059 1243 1110 laceras,
1269 1068 1394 1103 vates
1417 1062 1563 1104 nobile
1586 1062 1697 1104 fudit
1721 1077 1848 1118 opus.

852 1127 996 1181 Seque
1019 1127 1248 1171 clientelae
1271 1129 1390 1172 dedit
1413 1138 1455 1172 et
1479 1145 1559 1172 sua
1587 1130 1787 1172 carmina
1812 1131 1981 1180 Divae;

912 1196 1038 1238 Haec
1061 1197 1195 1252 operi,
1221 1198 1331 1240 haec
1353 1198 1444 1240 vati
1468 1206 1534 1240 est
1558 1200 1687 1240 Anna
1710 1213 1906 1254 perenna
1929 1214 2024 1242 suo.

853 1263 982 1306 Nunc
1005 1279 1101 1319 age,
1126 1280 1251 1308 sacra
1274 1267 1444 1316 cohors,
1470 1274 1648 1309 nostrae
1671 1267 1741 1309 cui
1764 1282 1870 1310 cura
1892 1267 2050 1310 salutis

909 1332 1103 1383 Credita,
1127 1333 1210 1384 dic,
1235 1341 1369 1389 caput
1392 1335 1475 1377 hoc
1497 1335 1602 1390 quid
1626 1335 1846 1378 medicina
1869 1336 2022 1378 iuvet?

851 1402 956 1443 Arte
979 1409 1130 1456 putem
1154 1418 1312 1446 saevas
1335 1406 1515 1446 tandem
1540 1419 1852 1447 mansuescere
1874 1405 2025 1460 tigres,

908 1471 967 1512 Et
991 1471 1156 1513 rabiem
1181 1472 1422 1515 indomitos
1444 1487 1606 1528 ponere
1628 1488 1758 1528 posse
1780 1473 1922 1529 lupos.
2398 1474 2480 1526 560

852 1539 1003 1581 Artem
1027 1555 1156 1594 posse
1180 1556 1260 1583 suo
1283 1543 1460 1584 Lunam
1484 1544 1700 1585 deducere
1726 1543 1849 1586 eaelo

910 1609 1195 1660 Crediderim,
1221 1618 1262 1653 et
1290 1611 1468 1666 rapidos
1490 1611 1646 1654 sistere
1669 1612 1784 1655 Solis
1811 1628 1962 1668 equos.

852 1678 931 1719 Ast
956 1678 1026 1720 hic
1049 1694 1178 1733 posse
1201 1680 1579 1735 aliquid—credat
1605 1683 1800 1724 Iudaeus
1822 1682 1992 1738 Apella,

912 1746 1011 1787 Non
1035 1748 1407 1803 ego—suppetias
1430 1756 1477 1791 ut
1500 1750 1611 1791 ferat
1635 1749 1732 1804 ipsa
1755 1750 1890 1792 salus.

853 1814 953 1855 Non
976 1829 1087 1869 opus
1110 1815 1179 1858 hic
1203 1816 1397 1866 medicis,
1419 1817 1635 1860 scelerum
1661 1819 1737 1860 sed
1761 1833 1904 1873 poena
1926 1818 2088 1860 luenda
2114 1826 2191 1859 est.

907 1882 1140 1926 Tortorem
1165 1892 1341 1928 tantum
1366 1887 1562 1941 postulat
1586 1887 1669 1929 iste
1692 1887 1825 1930 furor.

854 1951 999 2005 Dique
1024 1954 1235 2008 Deaeque
1257 1969 1427 2004 omnes,
1452 1955 1624 1997 caelum
1648 1955 1683 1997 si
1707 1956 1894 1998 crimina
1917 1962 2123 2010 tangunt,

910 2020 962 2061 In
985 2020 1262 2075 deploratum
1287 2022 1491 2078 stringite
1513 2023 1602 2066 tela
1625 2030 1774 2078 caput.

793 2186 866 2216 545.
894 2178 1015 2210 Ferrea
1032 2179 1153 2220 srons.]
1198 2181 1362 2213 Vocative
1377 2192 1383 2212 ε
1410 2185 1429 2199 “
1445 2181 1544 2213 Thou
1562 2182 1686 2214 brazen
1704 2182 1794 2214 brow
1806 2183 1836 2214 ''.

793 2241 866 2271 553.
894 2233 970 2264 Hac
986 2233 1101 2274 duce.]
1140 2235 1258 2266 Seems
1275 2241 1311 2267 to
1328 2235 1426 2267 claim
1441 2237 1558 2278 Queen
1575 2237 1673 2277 Mary
1687 2247 1724 2268 as
1740 2237 1881 2279 looking
1897 2236 1995 2269 down
2014 2237 2097 2269 stom
2115 2237 2174 2268 her
2191 2235 2341 2268 celestial
2359 2235 2479 2277 sphere

679 2283 745 2314 and
763 2294 799 2315 as
817 2285 883 2316 still
902 2286 958 2318 the
976 2294 1154 2328 patroness
1170 2289 1209 2320 of
1222 2289 1440 2321 Buchanan’s
1459 2291 1569 2322 Muse.

794 2350 866 2379 553.
895 2342 1062 2374 Parnasso
1079 2344 1222 2384 procul]
1253 2345 1305 2376 An
1323 2345 1419 2383 echo,
1434 2346 1506 2386 just
1523 2355 1560 2377 as
1577 2346 1610 2377 in
1630 2347 1696 2378 No.
1715 2347 1839 2384 XXII.,
1857 2347 1896 2378 os
1907 2347 1965 2378 the
1982 2353 2076 2388 great
2095 2345 2297 2378 Dedication
2311 2345 2356 2386 by
2369 2344 2478 2377 Buch-

679 2404 779 2429 anan,
798 2395 895 2426 when
914 2396 955 2428 he
972 2397 1140 2439 modestly
1157 2399 1278 2440 speaks
1295 2400 1335 2431 of
1346 2399 1486 2432 himself
1497 2410 1534 2432 as
1551 2401 1632 2432 born
1652 2401 1805 2433 “Cirrha
1821 2401 1935 2443 procul
1953 2407 1986 2433 et
2005 2401 2216 2433 Permesside
2232 2400 2410 2442 lympha”.

796 2450 854 2490 *a*
881 2451 955 2482 The
977 2459 1109 2484 nearest
1138 2460 1318 2495 prototype
1345 2455 1394 2486 sor
1422 2455 1478 2486 the
1506 2461 1574 2487 two
1599 2456 1785 2487 invectives
1810 2457 1944 2498 against
1970 2456 2145 2497 Eglishem
2174 2455 2202 2488 is
2227 2455 2333 2487 found
2361 2455 2393 2486 in
2422 2455 2479 2486 the

681 2507 699 2520 ‘⁴
715 2503 813 2534 1bis”
839 2505 1022 2538 attributed
1048 2513 1083 2538 to
1109 2508 1207 2539 Ovid.
1255 2509 1329 2540 The
1356 2508 1505 2541 incident
1521 2510 1561 2541 of
1583 2510 1640 2541 the
1665 2510 1817 2542 “bestial
1843 2511 2010 2552 genesis''
2036 2512 2106 2551 (see
2132 2517 2212 2542 note
2237 2520 2281 2542 on
2307 2509 2375 2541 line
2405 2510 2478 2550 13²)

681 2559 829 2590 reminr's
845 2560 885 2591 of
895 2560 952 2592 the
968 2562 1185 2603 opprobrium
1204 2563 1236 2594 in
1254 2563 1311 2595 the
1339 2566 1360 2580 “
1372 2564 1502 2605 Flytin’
1527 2564 1556 2596 o'
1574 2565 1727 2596 Polwart
1744 2566 1812 2596 and
1827 2565 2069 2607 Montgomeric
2081 2567 2098 2579 ''
2111 2576 2163 2596 :—

1204 2642 1226 2657 “
1237 2641 1328 2672 That
1345 2641 1515 2673 bratchart
1532 2642 1564 2673 in
1583 2651 1603 2673 a
1618 2642 1718 2674 busse
1734 2652 1805 2674 was
1821 2642 1923 2675 born:

1237 2695 1335 2736 They
1352 2696 1455 2727 found
1473 2706 1492 2727 a
1509 2704 1659 2728 monster
1676 2707 1719 2728 on
1738 2697 1794 2728 the
1811 2708 1918 2734 morn,

1298 2751 1517 2782 VVaur-saced
1537 2761 1596 2782 nor
1613 2762 1632 2782 a
1649 2753 1741 2791 cat,''
1767 2759 1828 2784 etc.
