2594 3749
669 373 749 413 290
1450 367 1692 399 PARERGA.

843 484 1006 527 Nescio
1029 500 1115 539 quo
1138 484 1301 539 philtro
1325 491 1521 526 mentem
1546 484 1654 526 mihi
1677 484 1867 526 fascinat
1891 484 1978 534 ille,

901 556 1061 608 Meque
1086 554 1290 610 Cyteina,
1316 569 1402 608 quo
1424 554 1562 604 lubet,
1587 560 1682 596 arte
1705 553 1836 608 rapit.

843 623 915 666 Sic
938 623 1091 678 paleas
1114 623 1277 665 electra
1300 622 1433 673 leves,
1458 621 1520 664 sic
1550 622 1689 664 ferrea
1713 637 1897 676 magnes

901 693 1117 742 Pondera,
1142 698 1397 746 magnetem
1422 690 1484 733 sic
1509 692 1741 746 Cynosura
1763 690 1917 733 trahit.
2417 705 2472 744 30

844 761 1050 802 Entheus
1074 767 1121 802 ut
1147 760 1334 802 Batavis
1355 767 1481 802 vates
1504 760 1631 802 iubar
1653 759 1810 802 extulit
1835 759 1980 809 undis,

902 828 1138 885 Cynthius,
1164 836 1205 871 et
1230 829 1417 871 comites
1439 830 1710 883 obstupuere
1736 829 1873 870 Deae.

843 898 959 940 Tum
984 898 1176 952 primum
1202 898 1386 940 Cirrhae
1410 897 1597 939 Vahalis
1623 898 1736 939 vada
1760 896 1959 952 limpida,
1990 896 2134 938 Rheni

903 968 1081 1009 Cornua
1106 968 1339 1008 Permesso
1362 966 1643 1021 praeripuere
1666 968 1815 1008 decus.

844 1036 961 1077 Tum
986 1035 1136 1077 didicit
1163 1035 1295 1077 Latio
1317 1049 1417 1077 cum
1442 1034 1624 1076 Tibride
1648 1034 1852 1084 Graecia,
1878 1034 2038 1077 Graias

905 1105 962 1145 Et
989 1104 1146 1145 Latias
1171 1105 1394 1145 Batavum
1419 1102 1594 1145 vincere
1617 1117 1747 1157 posse
1771 1102 1904 1158 lyras.

848 1172 1039 1214 Erubuit
1063 1179 1189 1214 vates
1215 1173 1413 1214 Batavas
1436 1171 1509 1225 qui
1533 1171 1709 1213 vellicat
1734 1185 1877 1221 aures,

907 1242 1026 1282 Dum
1052 1247 1180 1294 putat
1204 1240 1300 1290 has,
1325 1254 1426 1282 cum
1451 1239 1507 1281 sit
1532 1241 1746 1282 barbarus
1768 1239 1876 1294 ipse,
1901 1241 2046 1281 rudes.

849 1311 945 1350 Hos
969 1324 1049 1363 ego
1075 1311 1198 1359 (nota
1221 1309 1391 1362 loquor)
1419 1309 1593 1350 natales
1617 1315 1734 1358 ante,
1761 1310 1980 1363 sequebar

907 1377 1104 1418 Numina
1128 1376 1340 1419 Castaliis
1364 1391 1476 1430 quae
1499 1376 1788 1418 dominantur
1809 1376 1949 1431 aquis.
2424 1389 2477 1429 40

850 1445 991 1487 Dulce
1013 1445 1094 1487 fuit
1118 1459 1236 1487 nunc
1260 1459 1385 1486 arma
1410 1446 1604 1495 Ducum,
1630 1459 1748 1487 nunc
1772 1445 1914 1487 dicere
1938 1444 2087 1494 silvas,

904 1515 1116 1569 Quaeque
1139 1515 1424 1568 pharetratus
1447 1514 1619 1569 spicula
1641 1514 1784 1557 vibrat
1809 1516 1959 1556 Amor.

849 1583 1058 1625 Flumina
1081 1597 1198 1625 nunc
1222 1590 1416 1638 propter,
1441 1583 1568 1625 viridi
1592 1598 1710 1625 nunc
1733 1583 1858 1625 fusus
1882 1583 1925 1624 in
1949 1584 2105 1625 umbra

907 1653 1159 1694 Cantabam
1184 1652 1357 1695 medica
1380 1652 1585 1707 gramina
1606 1653 1734 1694 vulsa
1757 1667 1907 1694 manu.

849 1722 960 1775 Spes
983 1727 1025 1762 et
1050 1728 1158 1771 erat,
1182 1720 1299 1762 vatis
1321 1720 1502 1763 titulum
1526 1721 1824 1776 plausumque
1848 1721 2017 1771 mereri,

909 1789 989 1830 Vel
1012 1789 1203 1839 veniam,
1229 1804 1398 1831 merces
1421 1804 1534 1843 quae
1557 1789 1667 1831 satis
1691 1790 1840 1844 ampla
1863 1789 1971 1830 mihi
1995 1797 2077 1831 est.

854 1859 915 1900 Ut
939 1859 1046 1899 tuba
1071 1858 1248 1900 Barlaei
1277 1858 1452 1908 cecinit,
1477 1873 1556 1900 ceu
1579 1866 1702 1900 tacta
1724 1859 1903 1913 pudore,

911 1927 1118 1969 Barbitos
1141 1934 1182 1969 et
1210 1929 1367 1969 Musae
1391 1928 1643 1983 conticuere
1667 1943 1806 1970 meae.

853 1997 954 2037 Non
978 1997 1087 2038 bene
1110 1996 1328 2051 Tarpeiae
1351 2003 1503 2039 custos
1526 1997 1797 2052 interstrepit
1821 1996 1948 2047 arcis,

911 2067 976 2106 Ad
999 2079 1112 2119 vaga
1137 2065 1368 2107 Maeandri
1392 2067 1496 2108 dum
1520 2067 1634 2108 vada
1658 2073 1810 2108 cantat
1833 2066 1940 2107 olor.
2429 2078 2481 2119 50
2545 2059 2547 2095 ἕ

854 2135 947 2176 Nec
971 2134 1094 2176 locus
1118 2141 1183 2176 est
1207 2149 1352 2184 corvo,
1375 2149 1506 2177 voces
1529 2136 1635 2176 dum
1659 2135 1796 2177 flectit
1820 2135 2041 2184 acanthis,

912 2204 1006 2245 Nec
1030 2204 1140 2245 bene
1166 2203 1397 2246 Bistoniae
1420 2205 1537 2247 bubo
1560 2204 1739 2258 iugatur
1764 2203 1848 2246 avi.

797 2362 848 2391 28.
875 2361 1046 2401 Cyteina.]
1092 2362 1243 2402 Cytaeus
1262 2376 1290 2389 =
1311 2361 1489 2400 Colchian,
1508 2361 1571 2399 i.c.,
1596 2362 1804 2404 fascinating
1827 2373 1864 2395 as
1888 2362 1933 2404 by
1956 2363 2128 2404 witchery.
2178 2364 2242 2395 See
2259 2369 2338 2395 note
2355 2374 2398 2395 on
2419 2363 2480 2394 No.
2539 2391 2541 2394 ,

684 2416 794 2446 XLII.
841 2417 960 2456 (Poem
979 2422 1014 2448 to
1036 2418 1055 2432 “
1070 2416 1238 2458 Caelia'’).
2538 2402 2540 2413 γ

798 2481 849 2510 29.
876 2470 1039 2511 Electra]
1085 2471 1171 2503 This
1195 2471 1261 2503 fine
1285 2471 1410 2504 distich
1436 2482 1572 2513 groups,
1597 2473 1791 2514 poetically,
1809 2473 1867 2504 the
1891 2473 2204 2514 electro-magnetic
2221 2473 2436 2514 phenomena
2451 2472 2487 2505 of

683 2525 739 2556 the
757 2526 922 2557 universe.
972 2530 991 2543 ‘⁶
1006 2526 1140 2557 Electra
1153 2528 1171 2541 ''
1190 2527 1222 2557 in
1236 2527 1353 2568 plural
1370 2527 1398 2558 is
1415 2537 1497 2564 rare,
1518 2528 1578 2558 but
1595 2537 1713 2559 occurs
1730 2528 1763 2558 in
1782 2528 1880 2565 Ovid,
1898 2529 1992 2565 Met„
2011 2529 2055 2561 11.
2077 2530 2150 2568 365.
2534 2550 2537 2561 .-

798 2589 849 2619 33.
877 2580 1042 2620 Cirrhae]
1088 2580 1162 2612 The
1186 2581 1332 2622 spelling
1356 2582 1389 2612 in
1413 2581 1562 2612 Dclitiac
1586 2583 1624 2613 of
1646 2584 1726 2624 1637
1745 2582 1771 2614 is
1795 2584 1930 2623 Cyrtae,
1948 2583 2112 2624 wrongly.
2159 2582 2234 2614 The
2250 2583 2346 2624 place
2363 2583 2390 2614 is
2407 2592 2482 2614 near

687 2634 821 2674 Delphi.
865 2634 984 2665 Cirrha
1001 2634 1068 2665 and
1089 2636 1284 2667 Permessus
1302 2646 1357 2667 are
1373 2637 1466 2667 often
1485 2637 1597 2667 linked
1614 2638 1781 2678 together,
1797 2648 1833 2668 as
1850 2638 1931 2678 they
1944 2648 1999 2668 are
2016 2637 2089 2669 also
2106 2637 2138 2668 in
2158 2638 2376 2670 Buchanan's
2393 2642 2483 2679 great
2532 2639 2535 2675 ζ

685 2688 878 2719 dedication
896 2689 935 2719 os
954 2689 1006 2719 his
1025 2693 1044 2706 ‘⁴
1062 2690 1194 2720 Psalms
1207 2691 1237 2720 ”.
2531 2728 2532 2731 ¹

801 2753 851 2783 35.
879 2743 1044 2785 Tibride.]
1090 2744 1164 2775 The
1188 2744 1383 2785 dissyllabie
1408 2746 1618 2777 nominative
1643 2746 1787 2778 “Tibris
1802 2746 1821 2761 '³
1846 2756 1882 2778 or
1907 2746 2097 2788 “Tybris,”
2121 2747 2266 2788 forming
2290 2747 2322 2778 in
2349 2746 2482 2786 “-idis,”
2530 2745 2532 2759 ³

686 2807 805 2827 occurs
822 2797 903 2837 only
922 2798 953 2828 in
973 2805 1080 2838 poet-z.

802 2862 853 2890 39.
882 2852 956 2882 Hos
973 2862 1038 2892 ego
1063 2876 1070 2883 .
1097 2876 1103 2883 .
1131 2876 1138 2883 .
1165 2853 1295 2884 natales
1312 2856 1419 2894 ante.]
1467 2855 1587 2886 Before
1608 2857 1735 2895 1630-1,
1755 2856 1811 2887 the
1828 2855 1906 2887 date
1921 2856 1961 2888 of
1978 2856 2035 2887 the
2060 2856 2266 2897 publication
2291 2857 2332 2888 of
2349 2855 2471 2887 Barlac
2527 2846 2529 2883 i

688 2906 858 2936 Pocmata.

805 2971 856 2999 49.
884 2960 1051 3002 Tarpeiae
1068 2963 1212 3002 custos]
1258 2963 1332 2993 One
1349 2963 1386 2994 os
1399 2963 1456 2994 the
1474 2964 1606 2995 famous
1628 2975 1728 3005 geese
1745 2964 1929 3007 desending
1945 2965 2001 2996 the
2019 2965 2166 3006 Capitol.
