2594 3749
728 315 938 355 LESLIE’S
970 321 1274 355 COMPLAINT.
1815 316 1893 368 165

156 865 300 907 XXV.
345 863 652 920 QUERELA
688 862 975 912 LAESLEI,
1015 862 1125 917 QUI
1168 862 1457 906 INVENTO
1492 863 1838 908 THESAURO

547 943 824 985 CARCERI
866 940 983 983 EST
1020 941 1446 986 MANCIPATUS.

271 1081 394 1123 Trux
418 1081 530 1131 Dea,
554 1095 624 1122 res
647 1079 880 1122 hominum
902 1079 1070 1122 volucri
1095 1094 1208 1134 quae
1230 1079 1406 1123 turbine
1429 1094 1597 1131 versas,

328 1152 474 1206 Quam
498 1165 568 1192 me
592 1149 758 1192 crudeli
782 1150 1011 1191 ludificata
1033 1149 1129 1191 ioco
1153 1149 1225 1191 es!

272 1219 409 1261 Dives
432 1219 540 1269 heri,
565 1218 762 1261 medium
785 1219 1026 1272 tangebam
1050 1218 1214 1260 vertice
1237 1218 1427 1268 caelum,

330 1288 417 1329 Hei
441 1287 565 1338 mihi,
589 1302 707 1330 nunc
730 1288 912 1329 claudor
933 1301 1107 1328 carcere
1130 1288 1276 1329 nudus
1299 1302 1448 1341 opum.

273 1357 453 1399 Nullius
476 1356 651 1399 excussi
674 1357 859 1407 loculos,
883 1356 1051 1397 nullius
1073 1356 1117 1397 in
1141 1370 1290 1398 arcam

331 1426 468 1467 Inieci
491 1426 655 1480 piceaS,
680 1432 809 1467 nocte
836 1425 1009 1474 silente,
1034 1439 1210 1466 manus.

271 1497 417 1537 Aurea
440 1509 520 1536 nec
545 1495 764 1549 Superum
789 1493 958 1535 detraxi
982 1493 1118 1548 pallia
1141 1493 1246 1548 regi,

329 1565 424 1605 Nec
448 1563 557 1604 mihi
583 1562 815 1617 Pergamei
840 1563 977 1604 barba
1000 1563 1175 1604 revulsa
1201 1562 1284 1603 Dci
1308 1569 1390 1604 est.

273 1633 356 1674 Per
378 1633 532 1687 Styga,
556 1647 634 1686 per
656 1646 854 1686 superOS,
879 1645 957 1685 per
978 1631 1156 1674 conscia
1180 1631 1324 1673 sidera
1347 1631 1458 1681 iuro,

330 1701 607 1755 Supplicium
632 1701 726 1742 sola
749 1715 828 1754 pro
851 1700 1017 1755 pietate
1039 1700 1127 1743 luo.
1852 1712 1902 1740 10

273 1770 395 1811 Mille
419 1769 551 1811 simul
576 1769 752 1811 clausos
775 1769 987 1823 deprendi
1010 1783 1185 1811 carcere
1211 1770 1372 1823 Reges,

331 1840 389 1881 Et
412 1838 559 1880 valida
582 1838 756 1880 vinctos
778 1839 991 1892 compede
1015 1837 1135 1879 mille
1161 1839 1326 1879 Duces.

271 1909 467 1961 Argento
490 1921 592 1961 pars
614 1907 739 1956 haec,
765 1921 872 1948 auro
894 1921 996 1961 pars
1019 1906 1095 1948 illa
1117 1906 1304 1959 rigebat,

332 1977 442 2018 Pars
464 1983 639 2018 armata
661 1975 784 2030 gravi
808 1975 1015 2031 Cypridis
1038 1990 1137 2018 aere
1160 1976 1257 2018 fuit.

274 2045 393 2087 Huic
416 2044 550 2086 nimis
573 2044 773 2086 informis
796 2044 963 2086 macies
985 2050 1247 2086 tenuaverat
1271 2050 1408 2093 artus,

333 2113 452 2156 Huic
476 2120 569 2155 erat
594 2113 826 2155 immunda
849 2114 969 2155 calce
993 2121 1174 2167 perusta
1198 2113 1327 2155 cutis.

273 2182 494 2225 Omnibus
516 2196 592 2224 ora
615 2182 704 2224 situ
727 2182 1005 2236 squalebant,
1031 2182 1210 2236 pulvere
1233 2181 1391 2231 crines,

333 2252 560 2293 Foedabat
585 2250 769 2306 Stygius
791 2258 938 2293 cetera
961 2252 1162 2293 membra
1185 2251 1318 2293 color.

275 2320 498 2374 Obstupui
520 2319 642 2370 visis,
667 2327 710 2362 et
734 2334 804 2361 me
827 2334 1001 2374 quoque
1024 2320 1166 2374 pallor
1188 2319 1396 2369 habebat,

334 2389 496 2430 Nullus
519 2395 561 2430 et
584 2388 628 2430 in
651 2395 746 2430 toto
768 2403 949 2443 corpore
972 2389 1157 2442 sanguis
1179 2395 1287 2430 erat.
1854 2398 1906 2426 20

278 2458 407 2499 Mens
430 2457 548 2512 prior
569 2464 616 2499 ut
640 2457 784 2507 rediit,
810 2471 960 2499 sacros
984 2459 1212 2511 detergere
1234 2456 1400 2505 vultus,

334 2526 581 2580 Vinclaque
604 2526 794 2580 captivis
816 2527 993 2568 demere
1016 2541 1122 2568 cura
1144 2526 1242 2568 fuit.

244 2662 270 2683 1.
295 2652 387 2685 Trux
405 2653 505 2692 Dea.]
552 2653 700 2684 Fortune
717 2661 762 2683 on
780 2652 838 2683 her
854 2652 962 2684 wheel
981 2651 1151 2694 (turbine).

238 2717 268 2748 7.
294 2707 433 2747 Aurea]
477 2706 653 2738 Allusions
670 2714 705 2738 to
723 2707 780 2738 the
797 2713 911 2747 tyrant
930 2706 1146 2747 Dionysius's
1163 2705 1381 2737 well-known
1400 2702 1574 2745 sacrilege.

240 2762 270 2792 8.
297 2761 501 2802 Pergameus
521 2761 640 2800 Deus.]
686 2761 923 2802 Aesculapius.
971 2761 1024 2792 On
1049 2760 1175 2801 temple
1200 2766 1233 2791 at
1260 2760 1455 2800 Pergamus,
1479 2758 1633 2795 Tacitus,
1652 2757 1836 2794 Ann.,111.
1855 2758 1907 2795 63,

106 2816 171 2847 and
197 2817 308 2854 Paus.‚
332 2816 374 2847 V.
402 2825 484 2856 13·2.
535 2816 645 2847 Galen
668 2826 739 2848 was
763 2826 783 2847 a
806 2816 920 2847 native
945 2816 984 2846 of
1008 2816 1204 2856 Pergamus.
1251 2814 1377 2845 Arthur
1400 2813 1570 2854 Johnston
1595 2812 1622 2843 is
1646 2811 1814 2852 naturally
1838 2811 1908 2842 rich

108 2870 141 2901 in
158 2870 322 2902 allusions
338 2876 374 2902 to
390 2870 530 2901 medical
548 2870 684 2911 literar-v
703 2870 844 2911 history.

223 2926 271 2955 18.
297 2925 437 2965 Stygius
454 2925 577 2965 color.]
623 2926 656 2956 Is
673 2925 741 2956 this
758 2925 815 2956 the
827 2924 949 2966 patina
967 2924 1110 2956 affected
1128 2924 1171 2964 by
1188 2922 1462 2955 coin-collectors
1480 2922 1549 2953 still
1565 2922 1575 2952 ?
