2594 3749
682 292 758 320 112
1458 292 1693 324 PARERGA.

908 406 967 448 Et
990 406 1155 448 volucri
1180 422 1364 461 pennaS‚
1389 408 1711 463 remigiumque
1735 408 1900 451 Notis?

851 473 1056 516 Iustitiae
1078 481 1125 517 tu
1149 483 1306 530 sponte
1329 476 1447 526 litas,
1471 491 1552 519 nec
1573 477 1804 519 fraudibus
1828 476 1943 528 ullis,

908 544 1001 586 Nec
1024 544 1164 597 pretio
1186 545 1319 595 flecti,
1343 546 1411 587 vel
1435 560 1563 600 prece
1585 546 1682 588 iura
1703 546 1828 588 sinis.
2397 560 2476 600 130

848 613 976 667 Quod
1000 613 1207 667 petimus,
1232 629 1411 669 sperare
1433 615 1550 666 licet,
1576 630 1703 658 mens
1725 615 1904 657 conscia
1927 615 2034 657 recti

907 682 957 723 Id
981 681 1116 732 iubet,
1141 690 1184 724 et
1208 683 1328 726 nullo
1349 684 1461 726 fulta
1484 685 1662 738 querela
1685 686 1800 727 dolo.

847 750 965 806 Quin
988 757 1066 793 tua
1089 766 1158 794 res
1181 752 1339 806 agitur,
1364 768 1442 807 pro
1463 760 1507 796 te
1530 768 1610 795 nos
1634 753 1720 796 ista
1743 753 1912 796 ciemus

907 819 1093 870 Proelia,
1118 820 1186 862 ius
1209 821 1379 876 patriae
1402 822 1795 877 persequimurque
1817 829 1937 864 tuae.

848 888 1007 930 Omnis
1030 889 1074 930 in
1097 890 1181 932 hoc
1204 890 1332 932 nobis
1359 891 1483 933 labor
1505 898 1587 941 est,
1612 899 1691 933 tua
1713 893 1795 933 sub
1818 891 1921 946 iuga
1944 891 2073 932 miles

907 957 968 998 Ut
995 957 1159 1007 veniat,
1185 958 1305 1011 leges
1333 959 1611 1013 accipiatque
1637 967 1754 1001 tuas.

848 1025 968 1066 Dum
993 1026 1100 1067 mihi
1125 1026 1333 1077 luctatur,
1360 1027 1395 1069 si
1418 1028 1507 1069 fors
1529 1028 1608 1070 tibi
1634 1028 1854 1082 supplicat
1878 1027 1965 1078 ille,

904 1093 1089 1137 Techna
1113 1096 1264 1138 subest
1288 1096 1416 1146 votis,
1439 1096 1767 1150 ludibriumque
1790 1096 1916 1151 tegit,

849 1162 970 1204 Dum
994 1163 1136 1217 poscit
1161 1163 1464 1218 sequiturque,
1488 1172 1616 1206 tuum
1640 1165 1751 1220 fugit
1775 1165 1848 1207 ille
1871 1164 2080 1216 tribunal,

904 1231 963 1272 Et
986 1231 1106 1273 vafer
1128 1239 1309 1274 externo
1333 1233 1502 1286 quaerit
1527 1233 1570 1275 in
1594 1234 1697 1275 orbe
1723 1234 1883 1275 forum.
2395 1247 2476 1290 140
2586 1239 2591 1301 Ι

847 1300 983 1341 Nulla
1006 1301 1128 1342 salus
1150 1301 1227 1351 illi,
1252 1302 1320 1343 vel
1345 1316 1461 1356 spes,
1486 1302 1521 1343 si
1548 1302 1794 1357 dempseris
1820 1308 2014 1353 antrum,

905 1369 992 1411 Hic
1016 1369 1089 1411 ubi
1112 1370 1153 1411 vi
1176 1377 1328 1424 partas
1349 1371 1504 1413 fraude
1527 1378 1679 1413 tuetur
1700 1386 1817 1426 opes.

848 1437 935 1478 Hic
960 1439 1166 1492 scopulos
1189 1439 1304 1481 inter
1326 1454 1407 1481 sua
1434 1440 1576 1482 vibrat
1600 1440 1801 1491 fulmina,
1826 1440 1957 1482 iudex

905 1506 992 1548 Hic
1016 1509 1137 1549 sedet
1161 1508 1204 1549 in
1228 1523 1378 1558 causa,
1403 1509 1512 1563 proh
1536 1510 1690 1563 pudor,
1715 1509 1809 1563 ipse
1832 1523 1927 1551 sua.

846 1574 947 1615 Non
970 1589 1050 1629 ego
1073 1575 1292 1618 iudicibus
1315 1591 1499 1618 renuam
1523 1584 1693 1619 certare
1717 1577 1917 1628 Gelonis,

904 1643 1101 1685 Barbara
1125 1658 1204 1686 nec
1230 1644 1375 1686 Getici
1400 1645 1495 1687 iura
1519 1645 1665 1688 subire
1686 1645 1782 1688 fori.

846 1712 939 1752 Nec
965 1712 1109 1762 Marii,
1134 1720 1210 1754 aut
1235 1714 1398 1768 Syllae,
1425 1714 1562 1756 Siculi
1587 1728 1667 1756 nec
1690 1721 1811 1756 tecta
1832 1713 2011 1770 tyranni

903 1780 1109 1834 Defugio,
1135 1782 1188 1822 lis
1211 1782 1283 1824 hic
1308 1784 1343 1824 si
1368 1782 1615 1825 dirimenda
1642 1783 1780 1825 venit.

846 1848 947 1901 Ipse
972 1849 1079 1890 mihi
1103 1851 1231 1891 detur
1254 1851 1399 1892 Scinis
1421 1851 1600 1901 arbiter,
1625 1851 1696 1893 ibo
1720 1851 1987 1893 Corinthum

904 1917 1126 1968 Protinus,
1153 1919 1424 1961 Isthmiacas
1454 1927 1628 1961 sternar
1649 1926 1691 1961 et
1715 1927 1819 1961 ante
1842 1934 2010 1962 cruces.
2392 1932 2472 1974 150

847 1985 918 2025 Nil
944 2000 1024 2039 ego
1047 1988 1261 2037 detracto,
1286 2002 1516 2042 proceres3
1551 1989 1634 2030 hoc
1657 1990 1868 2043 deprecor
1890 2003 2044 2039 unum,

903 2054 971 2095 Ne
994 2069 1073 2096 sua
1099 2056 1362 2098 Ionstonum
1388 2058 1534 2100 Cacus
1558 2056 1601 2098 in
1624 2064 1753 2099 antra
1775 2058 1941 2099 trahat.

790 2209 859 2241 147.
887 2200 990 2232 Siculi
1007 2202 1172 2242 tyranni.]
1217 2202 1282 2240 i.e.‚
1303 2203 1500 2244 Dionysum,
1517 2204 1575 2236 the
1592 2204 1733 2245 Tyrant.

789 2263 858 2293 149.
886 2255 1026 2294 Scinis]
1070 2255 1138 2293 Sic,
1155 2256 1340 2298 ordinarily
1357 2262 1375 2275 “
1396 2258 1523 2298 Sinis,’⁷
1542 2258 1627 2289 from
1646 2259 1772 2298 σίνομαι
1790 2259 1937 2301 (injure).
1986 2259 2040 2289 He
2054 2258 2177 2300 figures
2189 2257 2222 2289 in
2233 2258 2291 2290 the
2302 2258 2458 2290 Theseus

672 2307 767 2348 cycle
783 2308 823 2339 of
844 2309 1016 2350 Legends,
1033 2311 1223 2342 connected
1240 2312 1322 2342 with
1342 2312 1494 2343 Isthmus
1510 2313 1550 2343 os
1561 2313 1716 2344 Corinth.

2572 1998 2577 2099 1

2569 2105 2575 2285 1

2565 2293 2571 2504 1

2562 2532 2567 2655 1

2557 2658 2564 2840 ¹

2549 3168 2594 3292 1,

2546 3302 2594 3441 1.
