2594 3749
1469 311 1708 343 PARERGA.

829 430 994 471 Rostra
1016 429 1132 482 quod
1155 442 1253 470 esse
1275 428 1420 470 solent
1443 427 1607 471 aeratis
1630 427 1864 483 puppibus,
1889 427 1966 477 illi,

885 499 1013 553 Quod
1036 512 1117 540 sua
1140 505 1244 540 sunt
1268 498 1476 540 cochleae
1499 512 1680 549 cornua,
1703 511 1840 540 nasus
1863 504 1970 539 erat.

829 568 928 609 Hoc
953 566 1036 609 iter
1057 566 1101 608 in
1124 566 1320 610 tenebris
1343 567 1425 609 sibi
1449 567 1762 622 praetentabat
1785 566 1922 616 eunti,

888 637 987 678 Hoc
1011 637 1121 678 duce
1144 650 1346 678 securam
1371 636 1536 691 carpsit
1561 636 1724 690 ubique
1745 635 1881 678 viam.

830 705 928 746 Hoc
951 705 1214 759 prohibente
1236 705 1376 755 nefas,
1400 704 1679 747 irritamenta
1702 704 1937 754 malorum,

886 773 1064 816 Nullius
1087 773 1267 816 admisit
1291 774 1430 824 basia,
1455 774 1578 816 nulla
1601 773 1737 815 dedit.

830 843 917 884 Hic
941 843 1014 885 ubi
1037 857 1133 885 rore
1156 844 1342 885 madens
1365 843 1576 898 spirabat,
1599 843 1757 898 pocula
1779 857 1925 892 nemo,

885 913 1088 954 Audebat
1112 912 1281 966 positas
1308 919 1491 966 tangere
1517 926 1648 953 nemo
1671 913 1823 967 dapes,

827 981 1027 1023 Buccina
1049 981 1249 1023 Tritonis
1272 995 1385 1035 quae
1409 987 1624 1023 convocat
1648 994 1855 1035 aequora,
1879 980 1998 1031 talis,

884 1050 1009 1092 Talis
1033 1056 1076 1092 et
1099 1050 1282 1092 Alcidae
1305 1050 1432 1092 clava
1454 1049 1643 1092 trinodis
1665 1056 1775 1092 erat.

829 1119 916 1161 Hic
939 1119 1164 1174 geminam
1188 1125 1363 1174 poterat
1386 1133 1524 1161 nasus
1547 1119 1757 1174 praebere
1780 1118 1994 1168 cloacam,

887 1188 1176 1230 Romulidum
1201 1188 1366 1243 populo
1389 1202 1502 1242 quae
1525 1187 1636 1229 satis
1659 1187 1809 1242 ampla
1832 1187 1958 1229 foret.

830 1258 963 1298 Hunc
987 1257 1180 1298 aversari
1204 1264 1384 1298 tenerae
1408 1271 1589 1298 suevere
1612 1256 1801 1311 puellae,

886 1325 1243 1380 Hellespontiaci
1266 1340 1346 1368 ceu
1369 1326 1501 1368 rubra
1524 1326 1725 1367 membra
1750 1325 1849 1367 Dei.

828 1394 1005 1436 Mollior
1027 1394 1098 1436 hic
1122 1394 1276 1449 pluma
1298 1394 1395 1445 fuit,
1421 1400 1464 1435 et
1491 1394 1778 1436 rubicundior
1803 1400 1938 1444 ostro,

886 1462 1104 1505 Floridior
1125 1470 1264 1518 prato,
1288 1463 1647 1518 splendidiorque
1670 1462 1796 1505 vitro.

827 1532 1033 1574 Nubibus
1055 1532 1279 1574 humidior
1304 1532 1480 1584 bibulis,
1504 1539 1546 1574 et
1573 1532 1763 1574 olentior
1788 1532 1924 1583 hirco,

887 1600 1093 1643 Mobilior
1115 1603 1268 1651 cauda,
1292 1601 1452 1644 blande
1480 1601 1654 1652 catelle,
1678 1608 1767 1643 tua.

828 1670 929 1711 Non
952 1676 1017 1712 tot
1040 1684 1141 1712 vere
1164 1684 1278 1712 novo
1301 1677 1480 1725 turgent
1504 1669 1549 1711 in
1572 1670 1758 1725 palmite
1779 1684 2000 1725 gemmae,

886 1738 1053 1781 Rorida
1075 1745 1140 1780 tot
1163 1745 1318 1793 guttas
1340 1739 1426 1790 viX,
1450 1754 1561 1790 reor,
1587 1738 1663 1781 iris
1685 1739 1835 1781 habet.

827 1807 972 1849 Nemo
994 1814 1059 1850 tot
1082 1823 1214 1850 exeso
1238 1807 1502 1864 latebrasin
1525 1807 1717 1862 pumice,
1741 1807 1879 1850 cellas

885 1877 1029 1918 Nemo
1052 1883 1118 1919 tot
1144 1877 1351 1933 Hyblaeo
1372 1877 1481 1919 vidit
1504 1877 1652 1919 inesse
1674 1877 1789 1919 favo.

826 1945 1022 1987 Celtiber
1043 1946 1153 1989 haec
1176 1953 1351 2001 poterat
1379 1946 1568 1989 coluisse
1592 1946 1825 1989 cuniculus
1848 1953 1994 1997 antra,

886 2015 973 2057 Hic
996 2023 1170 2070 poterat
1194 2031 1352 2059 caecos
1374 2017 1509 2071 figere
1531 2017 1655 2072 talpa
1679 2017 1809 2059 lares.

827 2084 901 2125 Nil
925 2099 1050 2136 naso,
1075 2085 1136 2127 nil
1160 2100 1240 2141 par
1262 2086 1434 2129 Nasoni
1457 2086 1640 2141 protulit
1664 2086 1796 2137 orbis,

885 2154 1049 2197 Omnia
1072 2169 1209 2197 nasus
1232 2163 1342 2206 erat,
1368 2157 1492 2198 Naso
1515 2157 1592 2198 sed
1615 2155 1711 2211 ipse
1733 2155 1858 2198 nihil.

1220 2305 1271 2344 38.
1299 2304 1570 2346 Hellespontiaci
1590 2304 1681 2344 Dei.]
1724 2304 1880 2345 Priapus.

2403 786 2458 826 30

2403 1476 2457 1518 40

2402 2167 2455 2210 50
