2594 3749
1462 314 1704 348 PARERGA.

911 438 1031 491 Ergo
1054 435 1273 490 quaedam
1297 434 1428 476 arbos
1450 439 1516 475 est
1539 430 1726 474 rationis
1748 444 1921 472 amans.

854 508 937 549 Est
965 512 1148 562 mysteS‚
1173 517 1274 546 arae
1297 502 1431 545 servit
1459 501 1711 556 quicunque
1727 515 1736 549 ;
1771 499 1983 542 subulcus

911 575 1054 618 Servit
1078 575 1238 616 harae:
1273 578 1443 628 mystes
1465 585 1570 625 ergo
1593 569 1806 612 subulcus
1827 568 1924 610 erit.

854 646 891 687 O
915 649 1048 698 caput
1072 641 1329 697 insipidum,
1352 640 1500 682 fatuas
1520 638 1600 681 tibi
1625 651 1750 679 sume
1773 635 2003 685 mariscas,

913 713 1069 756 Circus
1091 711 1151 753 ait
1172 726 1181 760 ;
1216 709 1364 765 pueris
1387 709 1496 750 haec
1520 707 1744 750 melimela
1766 707 1882 748 dato.

855 784 1028 838 Quaere
1052 780 1156 823 alibi
1179 781 1373 828 demens,
1396 777 1557 832 quibus
1579 777 1689 818 haec
1712 774 1897 818 bellaria
1919 788 2060 829 ponas
2080 789 2088 823 ;

912 851 1087 893 Glande
1110 863 1232 891 mera
1254 848 1290 890 si
1312 847 1378 890 vis
1400 860 1595 901 pascere,
1620 859 1751 900 pasce
1774 858 1891 886 sues.

858 921 926 962 Ne
949 926 1048 961 ruat
1071 932 1189 972 ergo,
1214 931 1327 958 novo
1350 915 1550 958 medicus
1573 914 1823 956 sufflamine
1846 927 2024 955 currum

914 986 1117 1041 Stringit,
1142 986 1185 1028 in
1208 984 1422 1028 auxilium
1446 983 1590 1026 sidera
1612 988 1775 1025 cuncta
1795 995 1976 1023 vocans,

857 1056 1135 1104 Deblaterat‚
1160 1068 1272 1108 quae
1295 1053 1459 1095 damna
1480 1051 1607 1101 ferat,
1632 1064 1745 1105 quae
1768 1049 2002 1092 commoda
2024 1048 2146 1090 sidus

915 1123 1105 1173 Arcturi,
1129 1130 1171 1165 et
1202 1124 1404 1171 Perseus,
1430 1120 1754 1174 Pleiadumque
1781 1119 1968 1168 chorus;

859 1193 1084 1247 Orionque
1107 1191 1271 1240 minaX,
1298 1192 1544 1244 Ursaeque,
1570 1189 1820 1243 Canesque,
1846 1189 2101 1242 Lepusque,

916 1261 1092 1310 Vultur,
1117 1260 1238 1310 Olor,
1265 1257 1476 1314 Delphin,
1500 1259 1603 1307 Ara,
1629 1258 1818 1306 Corona,
1844 1257 2006 1298 Draco.

859 1331 997 1386 Signa
1019 1329 1151 1372 simul
1175 1328 1242 1371 bis
1265 1342 1354 1377 sex,
1378 1333 1421 1369 et
1444 1327 1488 1368 in
1511 1326 1581 1368 his
1603 1325 1798 1368 errantia
1820 1332 1970 1367 narrat

917 1399 1081 1446 Sidera,
1103 1404 1146 1441 et
1169 1403 1392 1452 aspectus,
1417 1395 1699 1449 sidereasque
1721 1396 1892 1437 domos.

862 1470 967 1511 Mox
989 1468 1065 1518 ait,
1089 1467 1291 1523 inspecta
1313 1464 1478 1521 genesi,
1502 1463 1725 1507 connubia
1746 1463 1892 1506 laetus

919 1537 1006 1579 Hic
1028 1535 1163 1586 ineat,
1188 1534 1323 1578 Marti
1346 1548 1450 1576 narn
1475 1533 1698 1589 Cytherea
1720 1533 1888 1575 subest.

862 1605 997 1646 Hunc
1020 1609 1311 1646 mercatorem
1336 1600 1544 1656 spoliabit
1567 1600 1721 1650 miles3
1756 1601 1934 1642 easdem

920 1674 1043 1716 Mars
1063 1671 1227 1715 etenim
1251 1672 1379 1714 sedes
1404 1669 1740 1724 Mercuriusque
1762 1676 1932 1712 tenent.

863 1744 989 1785 Haec
1012 1741 1217 1796 Aquilam
1240 1739 1450 1790 ostendit,
1475 1738 1657 1795 collyria
1680 1753 1832 1788 sume3
1867 1737 2077 1793 capillum

921 1813 1019 1854 Lux
1043 1810 1363 1853 Berenicaeum
1388 1808 1598 1858 crastina,
1622 1809 1726 1850 rade
1749 1807 1877 1863 pilos.

865 1880 1010 1922 Multa
1031 1878 1105 1922 ubi
1128 1884 1338 1933 nugatus,
1365 1877 1595 1932 Spondent
1618 1876 1859 1926 natalibus,
1883 1875 2039 1930 inquit,

922 1949 1108 2003 Sceptra
1131 1946 1254 1996 meis,
1275 1945 1364 1989 veri
1388 1945 1532 1988 sidera
1554 1945 1591 1987 si
1614 1945 1718 1999 quid
1741 1945 1922 1987 habent.

867 2017 989 2059 Iurat
1012 2015 1249 2058 Alexandri
1271 2028 1425 2057 vecors
1447 2020 1490 2055 et
1514 2013 1721 2056 Caesaris
1742 2020 1866 2055 ortus

922 2087 1119 2140 Aspectu
1142 2083 1251 2126 caeli
1274 2082 1490 2126 deteriore
1511 2082 1611 2124 frui.

866 2154 951 2196 Vix
973 2154 1082 2196 haec
1104 2152 1299 2195 ediderat
1317 2168 1326 2194 :
1362 2151 1479 2194 Socii
1503 2150 1772 2206 compescite
1794 2149 1948 2200 risum,

926 2223 1059 2265 Plebs
1081 2222 1158 2273 ait,
1183 2228 1225 2264 et
1250 2221 1421 2264 medico
1443 2220 1589 2263 vincla
1611 2226 1780 2275 parate,
1804 2220 1924 2263 furit.

868 2294 988 2347 Ergo
1010 2306 1162 2341 novas,
1186 2297 1327 2332 artem
1351 2289 1543 2339 varians,
1567 2288 1793 2331 cornicula
1816 2289 1993 2344 plumas

925 2360 1086 2410 Sumit,
1107 2366 1149 2402 et
1172 2358 1361 2401 Aoniam
1385 2358 1534 2413 pulsat
1558 2358 1709 2413 inepta
1732 2358 1906 2413 chelyn.

868 2429 1060 2472 Suavius
1082 2427 1253 2483 argutis
1276 2433 1485 2469 resonant
1508 2427 1691 2468 arbusta
1714 2425 1893 2476 cicadis,

927 2495 1118 2539 Suavius
1140 2496 1183 2537 in
1208 2494 1365 2537 mediis
1386 2509 1495 2536 rana
1517 2501 1673 2536 coaxat
1696 2493 1838 2548 aquis.

871 2567 966 2608 Nec
988 2564 1176 2620 strepitu
1199 2563 1372 2618 ingrato
1394 2563 1573 2605 offendit
1602 2563 1745 2617 magis
1767 2562 1996 2618 improbus
2017 2577 2162 2612 anser,

928 2636 1139 2690 Quaeque
1161 2647 1292 2675 suum
1316 2632 1560 2687 ingeminat
1585 2631 1644 2673 nil
1668 2631 1753 2673 nisi
1777 2646 1939 2674 nomen
1962 2631 2071 2674 avis.

872 2703 1085 2745 Arcadiae
1108 2702 1224 2744 iures
1247 2701 1455 2757 pecuaria
1478 2702 1659 2750 rudere;
1694 2700 1812 2743 iures

931 2772 1186 2814 Nocturnos
1208 2770 1373 2812 circum
1398 2776 1517 2812 tecta
1540 2768 1711 2811 ululare
1734 2768 1878 2823 lupos.

1298 2926 1370 2958 5¹2-
1400 2916 1623 2958 Ingeminat.]
1668 2915 1742 2947 The
1759 2916 1903 2948 cuckoo.

2397 428 2481 482 480

2404 1130 2487 1172 490

2410 1818 2492 1860 500
