2594 3749
545 328 810 369 EUDEMIA'S
843 337 1004 369 GHOST
1036 337 1100 369 TO
1133 338 1400 370 EUDEMIUS.

301 455 360 496 Et
384 453 569 496 nimium
594 454 746 496 iuncta
768 454 1018 495 rusticitate
1041 461 1203 496 truces.

243 523 480 566 Femineos
502 523 664 577 fugitis,
687 529 903 576 tanquam
932 523 1050 565 mala
1078 523 1335 577 pharmaca,
1360 531 1527 574 tactus,

302 592 480 632 Mortua
503 604 582 632 nec
606 589 752 631 sinitis
774 604 852 631 vos
875 604 1009 644 prope
1033 591 1232 632 membra
1254 590 1358 644 tegi.

246 661 347 701 Non
370 673 452 713 ego
475 673 590 708 sum,
613 658 769 708 fateor,
794 658 971 712 proavis
994 658 1241 700 illustribus
1264 666 1375 709 orta,

303 729 397 769 Nec
420 729 580 769 domus
602 733 782 768 auratas
805 726 995 781 explicat
1018 727 1110 768 alta
1131 728 1296 769 trabes.

248 798 369 840 Urbe
392 797 468 838 sed
491 796 535 837 in
559 796 703 850 patria
725 795 864 837 natali
887 795 1056 850 cespite
1079 796 1202 846 civis,

301 864 509 908 Consulis
532 871 574 906 et
598 864 790 906 coniunx
816 864 950 918 digna
976 864 1124 906 favore
1147 865 1245 906 fuit.

245 935 332 977 Sed
355 949 498 989 neque
520 940 761 988 paupertas
789 933 906 988 potis
932 940 998 975 est
1022 948 1171 976 arcere
1195 933 1398 988 sepulcro
1421 950 1429 975 :

304 1003 350 1045 Si
373 1017 461 1058 qua
483 1003 592 1044 fides
614 1002 720 1053 vati,
745 1017 914 1057 pauper
935 1002 1097 1057 ubique
1121 1002 1250 1044 iacet.

246 1072 445 1114 Maxima
468 1085 586 1113 mors
609 1070 808 1112 minimis
830 1077 1065 1125 exaequat,
1089 1077 1131 1113 et
1155 1071 1310 1113 infima
1333 1071 1537 1121 summis,

304 1141 363 1182 Et
387 1140 591 1182 dominos
613 1139 792 1181 famulis
816 1140 1140 1194 mancipiisque
1163 1141 1271 1182 suis.

245 1209 356 1265 Quis
379 1209 487 1250 mihi
511 1209 757 1263 distinguat
782 1209 933 1251 Croesi
959 1210 1179 1263 Codrique
1201 1209 1388 1259 favillas,

303 1280 419 1321 Ossa
440 1278 508 1320 vel
533 1278 724 1320 Eumaei
749 1278 1036 1333 Dulichiique
1059 1278 1218 1320 ducis?

246 1348 332 1389 Sed
356 1361 498 1401 neque
523 1347 707 1401 Pompei
731 1354 836 1389 nota
859 1353 926 1388 est
949 1347 1018 1389 vel
1042 1347 1248 1389 Caesaris
1272 1362 1397 1398 urna,

304 1415 386 1459 Vel
409 1416 520 1458 cinis
545 1416 726 1466 Antoni,
750 1416 833 1467 vel,
859 1416 1113 1471 Cleopatra,
1137 1423 1257 1459 tuus.

247 1486 348 1527 Non
371 1500 453 1540 ego
476 1485 691 1527 nobilium
714 1485 912 1527 tumulos
935 1492 1012 1528 aut
1038 1501 1261 1528 marmora
1285 1500 1404 1537 curo,

306 1555 512 1608 Saxaque
538 1554 753 1596 Phidiaca
775 1554 1011 1597 nobilitata
1038 1570 1189 1597 manu.

246 1623 392 1665 Altius
415 1630 587 1666 erectas
611 1630 898 1678 prosternunt
921 1623 1111 1665 fulmina
1135 1623 1288 1674 moles,

305 1693 462 1747 Longa
484 1692 553 1734 vel
576 1692 733 1734 evertit
756 1691 1086 1747 depopulatque
1109 1693 1218 1735 dies.

249 1762 475 1803 Marmora
498 1761 795 1816 pyramidum,
821 1768 1201 1816 monumentaque
1225 1761 1340 1816 regis
1366 1763 1560 1812 Etrusci,

306 1831 498 1884 Ipsaque
524 1830 716 1872 Mausoli
739 1832 872 1872 busta
895 1830 1069 1885 sepulta
1091 1831 1227 1873 vides.

249 1898 337 1940 Hic
360 1898 434 1940 ubi
457 1898 676 1941 maiorum
702 1899 872 1941 cineres
895 1899 1151 1954 contingere
1173 1914 1371 1954 possum,

306 1968 385 2009 Sat
409 1967 518 2009 mihi
542 1967 713 2022 vulgari
737 1968 905 2022 cespite
928 1982 1057 2022 posse
1083 1968 1189 2023 tegi.

246 2035 388 2087 Absit,
413 2042 461 2078 ut
484 2043 560 2078 aut
584 2043 736 2078 nostro
759 2044 929 2079 certent
952 2039 1004 2079 de
1027 2037 1206 2091 pulvere
1229 2036 1362 2087 cives,

304 2106 393 2147 Aut
416 2120 498 2160 ego
520 2105 691 2147 dissidii
715 2106 838 2148 dicar
859 2106 982 2160 origo
1004 2106 1159 2148 trucis.

248 2174 365 2216 Ante
388 2188 542 2228 precor
564 2174 721 2229 pelago
744 2189 932 2228 mergar,
958 2174 1032 2229 qui
1055 2174 1264 2228 gentibus
1286 2174 1390 2216 olim

308 2243 442 2285 Ritus
466 2243 770 2299 Hyperboreis
795 2243 1162 2298 Lotophagisque
1184 2243 1281 2285 fuit.

250 2312 338 2353 Aut
362 2313 478 2365 quod
502 2312 743 2353 odoriferos
770 2312 1004 2367 perhibent
1027 2312 1185 2354 fecisse
1209 2313 1420 2363 Sabaeos,

307 2381 479 2422 Obruat
503 2381 696 2423 obsceno
720 2382 906 2423 barbara
929 2382 1060 2423 turba
1083 2382 1203 2422 fimo.

251 2449 540 2505 Hyrcanique
563 2450 672 2491 mihi
696 2450 951 2505 discerpant
975 2451 1175 2492 membra
1198 2449 1394 2500 molossi,

307 2520 396 2561 Aut
420 2518 582 2574 aliquis
606 2520 817 2574 Scythico
839 2519 1010 2562 viscera
1033 2534 1154 2561 more
1176 2526 1315 2561 voret.

252 2589 353 2630 Non
376 2603 457 2643 ego
479 2591 693 2639 detracto,
717 2589 827 2631 civis
849 2604 903 2631 ne
927 2590 1095 2632 civibus
1118 2589 1277 2640 obsim,

310 2658 433 2700 Mille
455 2659 548 2713 pati
571 2674 751 2714 poenas,
777 2660 897 2702 mille
925 2660 1064 2714 perire
1088 2660 1246 2702 modis.

251 2728 478 2782 Deprecor
498 2728 582 2770 hoc
605 2743 759 2779 unum,
784 2736 883 2783 post
911 2729 1069 2771 ultima
1094 2729 1263 2778 funera,
1287 2728 1493 2778 coniunx,

308 2797 378 2838 Ne
398 2802 477 2838 tua
498 2796 712 2851 relliquiis
735 2797 823 2839 sint
846 2797 998 2852 procul
1021 2812 1123 2839 ossa
1146 2796 1272 2838 meis.

507 2957 560 2990 68.
587 2957 695 2999 Vati.]
741 2957 815 2990 The
831 2958 940 2990 Vates
958 2957 985 2990 is
1002 2957 1110 2996 Ovid;
1136 2967 1192 2990 see
1208 2956 1316 2997 Fasti,
1339 2957 1366 2989 1.
1386 2958 1459 2988 218.

1792 344 1877 386 279

1823 459 1877 498 60

1827 1154 1880 1195 70

1828 1833 1882 1873 80

1828 2532 1882 2573 90
