2594 3749
573 327 797 360 APOLOGY
832 328 926 360 FOR
959 326 989 359 A
1023 329 1384 362 FORESTALLER.

249 444 296 487 Si
320 443 424 497 quid
448 443 492 484 in
516 444 599 485 hoc
622 443 780 498 culpae
803 450 885 494 est,
910 443 1067 498 culpae
1090 446 1328 488 damnetur
1348 453 1391 488 et
1414 446 1502 497 ille,

305 512 486 555 Credita
508 512 579 554 cui
605 512 754 553 Pharii
780 526 919 566 grana
941 513 1061 555 fuere
1085 514 1185 555 soli.-

249 580 475 622 Messibus
497 580 568 622 hic
591 587 762 634 septem
786 581 1009 636 congessit
1033 580 1077 622 in
1101 582 1258 626 horrea
1280 584 1443 637 fruges,

303 651 532 691 Annorum
556 649 744 690 totidem
768 649 936 703 depulit
960 649 1061 691 inde
1083 650 1263 693 famem.

248 719 347 759 Hac
370 731 467 771 ope,
491 731 593 759 cum
616 717 807 771 patriam
831 724 1081 772 premerent
1105 718 1284 771 ieiunia,
1308 720 1446 762 letum

303 785 536 828 Fratribus
558 786 733 835 avertit,
758 785 1072 840 decrepitoque
1095 787 1226 842 patri.

244 856 380 896 Hunc
403 854 507 895 colit
530 860 572 895 et
596 853 797 907 sequitur
820 854 1017 904 Baldus;
1051 855 1307 898 discrimem
1332 856 1375 898 in
1400 871 1488 898 uno
1512 865 1593 907 est,

303 922 390 964 Hic
413 936 505 964 rem
529 922 699 964 curavit
723 922 950 977 principis,
974 923 1047 965 ille
1071 938 1214 966 suam.

244 990 432 1033 Rustica
452 1005 561 1045 gens
584 991 646 1031 illi
670 990 790 1045 longi
814 1005 938 1045 spem
962 992 1190 1047 mancipat
1213 993 1334 1044 anni,

300 1061 359 1102 Et
382 1074 574 1102 messem
598 1059 805 1101 dominus
828 1060 1035 1115 pignorat
1058 1068 1164 1103 ante
1186 1062 1319 1104 diem.

241 1128 396 1171 Sidera
419 1135 684 1182 suspectans
710 1136 885 1170 aestum
916 1130 1140 1184 praesagit
1164 1137 1207 1172 et
1230 1130 1409 1182 imbres,

299 1196 445 1239 Discit
467 1203 510 1238 et
534 1197 638 1239 hinc
665 1196 821 1251 quanti
845 1197 902 1238 sit
926 1197 1118 1241 valitura
1141 1200 1292 1242 Ceres.

241 1267 366 1308 More
388 1272 480 1316 tuo,
506 1265 648 1316 Siren,
672 1265 747 1307 fiet
770 1272 1040 1320 tempestate
1064 1281 1235 1318 serena,

296 1334 489 1377 Assiduo
511 1335 645 1376 tellus
668 1348 769 1376 cum
793 1335 941 1376 madet
965 1334 1119 1386 imbre,
1143 1336 1276 1379 canit.

241 1405 309 1445 De
331 1403 473 1458 pretio
496 1402 695 1457 queritur
716 1403 842 1458 plebs
865 1402 1148 1455 insatiabilis,
1173 1419 1281 1448 auro

297 1471 494 1527 Emungi
518 1486 614 1513 sese
637 1471 839 1514 clamitat
862 1478 956 1514 arte
978 1473 1106 1515 truci.

238 1541 326 1584 Hei
350 1541 474 1591 mihi,
498 1555 579 1583 nec
602 1541 721 1583 cerni
744 1541 908 1583 nostris
931 1541 975 1583 in
998 1541 1162 1585 finibus
1183 1543 1279 1585 auri

296 1611 558 1665 Scrupulus,
582 1609 755 1665 argenti
778 1610 993 1652 drachma
1015 1624 1096 1653 nec
1121 1625 1208 1654 una
1232 1618 1393 1667 potest:

237 1682 348 1723 Aere
371 1681 507 1722 Ceres
529 1679 704 1722 modico
725 1680 1021 1729 venundatur,
1046 1679 1226 1723 institor
1247 1695 1386 1724 unum

294 1751 382 1792 Aes
403 1749 525 1805 legit,
549 1751 740 1791 Arctoae
761 1748 847 1790 vile
869 1748 1095 1791 numisma
1117 1750 1288 1805 plagae.

239 1820 346 1863 Plus
368 1819 444 1861 illo
467 1819 636 1874 paleae,
661 1819 761 1873 plus
787 1818 996 1872 ponderis
1018 1819 1089 1860 ala
1113 1819 1307 1871 cicadae,

293 1890 381 1931 Aut
404 1888 516 1942 apis,
540 1896 617 1930 aut
641 1887 746 1930 sicci
769 1886 1008 1942 papilionis
1031 1887 1182 1931 habet.

238 1960 336 2002 Has
358 1958 433 2001 ubi
455 1958 720 2013 quisquilias
742 1957 927 1999 corrosit
951 1957 1139 2008 Baldus,
1163 1958 1321 2002 hirudo

292 2028 512 2078 Creditur,
535 2035 578 2070 et
600 2027 733 2083 patrii
756 2027 898 2083 pestis
919 2028 1080 2070 acerba
1103 2028 1198 2071 soli.

236 2098 374 2143 Utilis
395 2097 603 2153 agricolis
625 2105 778 2140 tamen
800 2104 883 2147 est,
907 2111 988 2139 nec
1011 2096 1183 2140 inutilis
1206 2098 1317 2148 urbi,

293 2169 413 2210 Dum
438 2167 570 2209 simul
593 2174 636 2209 et
659 2166 772 2209 ruris
794 2166 936 2221 carpit
959 2172 1001 2208 et
1026 2166 1148 2209 urbis
1168 2182 1290 2222 opes.

236 2239 449 2282 Rusticus
470 2238 514 2279 in
537 2238 748 2293 pinguem
772 2237 935 2279 chorus
956 2237 1190 2291 ablegatur
1214 2238 1389 2288 lernen,

292 2308 478 2350 Finibus
501 2307 570 2349 his
592 2314 789 2362 superat,
813 2321 901 2361 qua
923 2312 1043 2348 caret
1066 2306 1155 2357 ille,
1177 2321 1320 2362 seges.

236 2378 338 2429 Hic,
363 2378 399 2420 si
421 2378 504 2419 fert
526 2377 718 2428 animus,
742 2376 889 2419 valido
911 2377 1021 2419 bove
1043 2375 1191 2418 fodere
1213 2383 1355 2420 terras

292 2449 381 2491 Fas
403 2447 499 2498 erit,
523 2454 599 2490 aut
623 2447 770 2490 sociae
793 2460 974 2502 pascere
1000 2445 1147 2501 gentis
1169 2460 1284 2489 oves.

1798 325 1871 365 161

1821 519 1875 559 60

1818 1212 1870 1253 70

1811 1890 1866 1932 80

175 2599 226 2629 60.
253 2596 395 2637 Pharii.]
441 2596 624 2639 Egyptian,
642 2595 707 2633 i.e.‚
725 2596 765 2628 of
784 2595 954 2634 Pharaoh,
981 2604 1018 2626 or
1042 2594 1188 2636 perhaps
1212 2594 1298 2626 from
1325 2595 1464 2632 Pharos,
1490 2594 1547 2626 the
1571 2595 1666 2637 (long
1683 2596 1861 2636 posterior)

66 2650 256 2692 lighthouse
282 2652 321 2683 of
347 2651 562 2683 Alexandria.
624 2650 699 2682 The
726 2650 848 2682 former
875 2650 961 2683 view
992 2650 1078 2683 suits
1109 2650 1216 2682 better
1247 2649 1329 2680 with
1361 2649 1419 2680 the
1449 2648 1588 2681 historic
1614 2649 1862 2682 circumstance

66 2706 228 2739 narrated.

177 2762 228 2800 85.
253 2762 405 2801 Iernen.]
450 2761 525 2792 The
542 2764 561 2777 ‘⁶
574 2759 784 2802 plantations
797 2761 814 2773 '³
831 2759 881 2792 for
897 2760 1092 2802 colonising
1110 2758 1225 2791 Ulster
1240 2768 1329 2790 were
1344 2757 1426 2790 then
1443 2755 1660 2799 proceeding.

176 2818 227 2857 87.
253 2816 382 2847 Fodere
399 2817 532 2856 terras.]
582 2815 667 2846 This
683 2815 712 2846 is
728 2815 786 2846 the
802 2814 944 2856 reading
960 2815 1041 2846 both
1059 2815 1097 2847 of
1117 2814 1174 2845 the
1190 2812 1339 2844 Deliciae
1357 2813 1396 2845 of
1416 2812 1465 2854 ¹37
1487 2811 1555 2844 and
1570 2811 1627 2843 the
1646 2810 1862 2853 Middelburg

951 2983 978 3011 λ

0 2902 2 2904 ,
36 2906 39 2914 ‚
65 2867 188 2900 edition
212 2870 250 2901 of
273 2871 373 2910 16423
398 2869 466 2902 and
489 2870 514 2901 it
538 2869 566 2901 is
589 2870 748 2911 startling
771 2874 807 2901 to
831 2869 900 2900 find
918 2873 938 2886 ‘⁶
953 2869 1096 2901 fodere''
1114 2866 1214 2899 made
1238 2877 1258 2899 a
1281 2866 1463 2907 dactyl—a
1486 2875 1558 2897 rare
1582 2865 1712 2896 incuria
1736 2874 1781 2897 on
1803 2865 1862 2896 the

37 2919 38 2923 ¹
68 2929 138 2964 part
160 2925 198 2956 of
216 2925 398 2965 Johnston,
419 2925 496 2956 who
521 2925 582 2956 has
601 2928 620 2941 ‘⁶
634 2924 749 2955 sodit''
767 2923 849 2955 with
873 2923 964 2965 right
987 2923 1144 2965 quantity
1161 2920 1208 2964 (ὅ)
1226 2921 1259 2952 in
1278 2921 1423 2959 xxm„
1440 2921 1461 2953 l.
1482 2922 1564 2958 106;
1590 2920 1728 2958 XXVI„
1746 2919 1768 2952 1.
1788 2929 1859 2962 107.
