2594 3749
852 329 1196 363 DEDICATIONS.
1877 321 1886 349 1
1905 320 1915 349 1

353 453 559 500 Caesaris
581 452 652 494 hic
676 450 767 500 uni,
793 448 914 492 Scoti
938 447 1010 502 pia
1033 460 1139 488 cura
1165 443 1314 486 Poetis

413 523 536 567 Mille
558 523 634 565 dat
657 526 888 563 aeternum
911 516 1084 564 vivere;
1119 512 1260 555 maior
1282 512 1411 554 uter?

832 645 872 686 6.
907 651 1230 685 POLYHYMNIA.

355 729 479 773 Mille
503 729 585 771 sub
607 729 812 781 Augusto
833 724 1039 766 vixerunt
1064 722 1255 764 Caesare
1277 725 1417 767 vates,

414 800 473 841 Et
497 797 654 840 latices
678 794 824 837 Musis
846 790 1042 835 Tibridis
1064 790 1184 832 unda
1206 786 1339 829 dedit.

357 868 481 911 Mille
502 867 626 908 vides
649 871 794 913 natos,
817 861 985 919 Jacobo
1010 861 1148 913 Rege,
1171 863 1342 912 poetaS‚

418 937 478 978 Et
503 934 677 978 Clarias
701 932 896 975 Forthae
918 927 1121 984 praebuit
1145 925 1292 968 amnis
1314 937 1471 978 aquas.

358 1006 461 1047 Non
484 1004 633 1046 miror.
696 1001 850 1043 Vitam
874 997 1028 1041 tribuit
1052 1010 1137 1051 pax
1159 995 1279 1037 alma
1302 989 1557 1035 Camoenis.

416 1073 504 1115 Hic
527 1071 681 1114 niveae
705 1076 858 1112 custos
881 1066 1004 1122 pacis
1027 1073 1069 1107 et
1092 1064 1165 1106 ille
1187 1062 1284 1105 fuit.

839 1205 878 1248 7.
915 1202 1228 1234 MELPOMENE.

358 1283 483 1337 Quae
506 1279 589 1322 sibi
615 1277 832 1321 Lucullus
855 1274 1015 1318 struxit
1033 1271 1215 1321 vivaria,
1240 1277 1393 1312 vastas

419 1352 663 1393 ostentant
689 1345 872 1389 Domini
896 1341 1163 1387 luxuriantis
1186 1354 1304 1395 opes.

360 1419 512 1461 Altera
535 1419 642 1460 dant
667 1416 836 1458 cicures
858 1413 998 1456 vitreo
1022 1412 1103 1453 sub
1127 1421 1348 1451 marmore
1378 1405 1534 1461 pisceS‚

419 1488 570 1529 Altera
593 1485 794 1541 captivas
817 1481 1056 1526 ambitiosa
1078 1480 1208 1521 feras.

363 1557 526 1600 Confer
547 1570 659 1610 opus
684 1556 817 1596 Scoto
841 1553 957 1606 quod
980 1548 1140 1606 prodiit
1164 1545 1360 1601 auspice,
1385 1541 1549 1585 mentis

421 1626 520 1667 Hoc
542 1624 622 1666 tibi
646 1623 827 1665 delicias
850 1620 1044 1669 exhibet,
1068 1618 1143 1659 illa
1166 1616 1310 1669 gulae.

837 1749 874 1789 8.
905 1755 1246 1789 TERPSICHORE.

366 1835 550 1876 Munere
573 1837 837 1887 perpetuum
864 1824 1130 1869 Buchanani
1157 1823 1303 1864 vivere
1331 1818 1475 1863 cernis

423 1901 587 1944 Martia
613 1898 910 1954 Fergusidum
935 1910 1046 1950 quos
1068 1893 1170 1936 tulit
1193 1906 1269 1934 ora
1292 1892 1440 1932 duces.

364 1970 556 2012 Vatibus
579 1968 650 2011 hic
674 1967 814 2010 sacris
837 1966 992 2007 eadem
1017 1977 1128 2018 quos
1151 1959 1335 2016 protulit
1358 1972 1446 2007 ora,

421 2040 664 2081 Aeternum
690 2035 811 2078 Scoti
833 2034 979 2076 vivere
1002 2046 1107 2075 cura
1129 2029 1264 2072 dedit.

368 2107 544 2161 Dignus
566 2114 751 2159 uterque
774 2104 923 2152 labor;
958 2102 1034 2143 sed
1058 2106 1235 2142 tantum
1258 2095 1452 2138 vincitur
1473 2093 1560 2143 ille,

424 2177 654 2232 Quantum
680 2175 802 2215 Mars
828 2170 971 2214 Musis
993 2169 1125 2218 cedit,
1149 2174 1192 2210 et
1215 2180 1340 2209 arma
1362 2171 1508 2218 togae.

927 2311 964 2352 9.
997 2306 1166 2338 ERATO.

367 2382 482 2437 Quid
505 2381 585 2423 tibi
608 2395 709 2422 cum
735 2378 894 2428 Musis,
918 2375 1070 2431 magni
1092 2388 1196 2430 pars
1219 2379 1322 2415 ante
1346 2372 1554 2419 Senatus,

427 2452 558 2492 Nunc
582 2448 712 2504 patrii
735 2448 870 2496 sidus,
893 2448 1038 2492 Seote,
1060 2445 1283 2496 decusque
1305 2440 1419 2481 fori?

367 2519 432 2561 Te
455 2518 601 2561 decuit
624 2517 980 2570 Themidemque
1004 2512 1143 2568 sequi,
1168 2509 1432 2566 populisque
1458 2504 1686 2548 Britannis

429 2589 682 2642 Purpureos
704 2586 820 2627 inter
840 2584 985 2626 dicere
1007 2582 1103 2624 iura
1125 2587 1290 2635 patres.

371 2657 440 2698 Ne
462 2656 626 2711 pudeat
648 2654 782 2696 facti:
816 2653 940 2696 caelo
967 2664 1143 2706 quoque
1170 2662 1302 2702 saepe
1324 2645 1479 2687 relicto

428 2724 612 2779 Iupiter,
637 2723 810 2766 abiecto
831 2721 1032 2771 fulmine,
1055 2718 1158 2761 visit
1181 2718 1384 2759 humum.

251 2907 282 2937 9.
309 2896 394 2928 Line
410 2897 441 2927 6.
469 2895 612 2927 Abiecto
634 2894 800 2933 fulmine]
855 2893 1023 2933 Compare
1041 2889 1208 2930 Shelley’s
1223 2884 1375 2919 Adonais
1392 2894 1430 2917 as
1445 2888 1482 2916 to
1499 2881 1644 2924 Byron's
1660 2878 1941 2914 condescension,

137 2951 187 2984 for
205 2961 225 2983 a
240 2951 390 2999 pathetic
407 2960 564 2999 purpose,
581 2954 601 2967 “
614 2949 741 2990 veiling
757 2948 815 2980 the
831 2947 1021 2998 lightnings
1037 2945 1076 2977 of
1092 2944 1146 2976 his
1162 2952 1249 2994 song
1261 2943 1292 2972 ”.
