2594 3749
704 334 734 365 A
766 326 987 366 FlsHER's
1019 334 1260 366 APOLOGY.

256 452 407 494 Iudice
430 459 474 494 te
497 451 630 492 nullis
653 451 863 493 lucebunt
887 451 1065 505 ignibus
1087 453 1234 501 aedes,

314 522 406 562 Nec
429 522 481 562 de
504 520 648 562 vicino
670 520 790 561 fonte
813 527 1022 574 petentur
1043 534 1199 573 aquae.

255 591 399 631 Nemo
420 588 647 631 vacillanti
670 590 871 631 dextram
895 589 1171 643 protendere,
1197 602 1326 629 nemo

313 660 380 700 De
404 659 557 700 scrobe
580 658 807 701 balantem
831 657 986 699 tollere
1009 657 1149 711 possit
1172 672 1314 699 ovem.

256 727 501 769 Interdicta
525 728 678 768 Venus
700 727 826 777 foret,
852 733 895 768 et
918 733 996 768 tua
1024 727 1214 768 sabbata
1241 740 1424 768 servans

310 796 556 850 Amplexus
578 795 749 849 fugeret
772 802 914 849 nupta
936 794 1110 836 novella
1132 794 1228 836 viri.

254 865 504 906 Haererent
528 864 724 918 scopulis
747 863 896 905 miseri
921 864 1015 905 sine
1039 863 1204 917 remige
1227 869 1407 913 nautae,

311 934 404 974 Nec
426 933 553 983 foret,
577 934 760 975 auderet
784 933 858 986 qui
883 934 986 974 dare
1007 933 1106 974 vela
1131 932 1276 974 Notis

254 1003 313 1043 Et
337 1016 463 1044 sacra
486 1016 588 1043 cum
611 1001 734 1043 fulsit
759 1001 847 1051 lux,
872 1001 1160 1043 carbonarius
1183 1001 1309 1055 ignes

311 1072 445 1120 Inter,
468 1070 605 1112 humo
631 1070 794 1125 genitis
821 1072 1082 1113 obrueretur
1108 1070 1249 1124 aquis.

252 1139 368 1195 Quid
392 1139 498 1181 salis
521 1139 716 1181 artifices
740 1140 1020 1181 memorem?
1055 1139 1139 1180 nisi
1162 1140 1329 1181 ferveat
1354 1138 1442 1180 illis

311 1208 494 1263 Iugiter‚
520 1208 576 1250 ah
600 1215 745 1250 cessat
769 1223 850 1250 nec
874 1215 1107 1263 reparatur
1129 1223 1254 1262 opus.

253 1278 376 1332 Quae
398 1277 527 1326 vitra,
553 1291 666 1330 quae
688 1277 852 1318 ferrum
876 1277 1017 1331 liquat
1040 1276 1379 1332 impenetrabile
1400 1275 1556 1324 forniX,

311 1347 529 1400 Utraque,
554 1346 699 1400 sopito
722 1347 791 1388 vel
816 1346 955 1388 semel
979 1346 1095 1400 igne,
1120 1347 1248 1400 perit.

253 1414 340 1456 Hei
364 1414 488 1465 mihi,
514 1429 591 1456 cur
612 1415 726 1456 festa
750 1422 816 1456 est
840 1415 914 1456 lux
940 1414 1237 1469 piscatoribus
1264 1414 1365 1456 unis

309 1483 523 1537 Septima,
547 1498 659 1537 quae
683 1483 865 1537 reliquis
888 1498 985 1525 esse
1009 1484 1205 1538 profesta
1228 1484 1340 1526 solet
1361 1485 1377 1526 ?

250 1552 401 1595 Stulta
423 1551 680 1606 superstitio
703 1559 771 1593 est
795 1551 993 1594 numeris
1016 1552 1240 1594 involvere
1264 1559 1453 1603 mentes,

308 1620 396 1662 Hic
419 1620 608 1662 nimium
632 1620 834 1675 magicae
857 1620 1056 1663 calculus
1079 1621 1188 1663 artis
1211 1622 1362 1664 habet.

250 1690 449 1732 Sabbata
470 1689 539 1731 vel
562 1689 674 1739 dele,
697 1689 765 1731 vel
789 1689 913 1731 differ
934 1689 978 1730 in
1001 1689 1092 1731 otia
1115 1691 1314 1740 brumae,

307 1758 422 1800 Cum
446 1757 673 1812 querimur
694 1757 819 1812 pigro
843 1757 1030 1799 flumina
1051 1758 1202 1800 vincta
1223 1759 1337 1813 gelu.

247 1825 376 1868 Tunc
399 1841 480 1881 ego
504 1826 779 1869 Caelicolum
802 1826 1040 1881 geminabo
1062 1826 1191 1877 festa,
1216 1827 1439 1882 profestus

307 1895 471 1938 Nullus
492 1895 589 1946 erit,
614 1897 771 1938 bruma
793 1910 886 1937 rem
910 1897 1185 1946 moderante,
1209 1896 1318 1939 dies.

249 1965 442 2008 Lumine
466 1967 571 2008 dum
596 1966 707 2008 caeli
730 1966 852 2007 fruar
873 1972 915 2008 et
938 1965 1152 2009 vitalibus
1175 1966 1320 2017 undis,

306 2035 492 2090 Sculpta
516 2035 600 2077 Dei
623 2035 773 2090 digitis
795 2042 944 2078 cetera
966 2036 1088 2078 iussa
1110 2050 1284 2090 sequar.

251 2104 341 2148 Uni
362 2111 468 2147 vota
492 2105 589 2146 Deo
611 2104 788 2154 faciam,
813 2119 894 2147 nec
917 2105 1123 2160 sculptile
1146 2105 1325 2160 fingam,

306 2175 401 2216 Nec
424 2175 477 2216 de
500 2173 682 2216 caelesti
705 2174 890 2216 numine
911 2188 1027 2216 vana
1050 2174 1216 2228 loquar.

249 2242 296 2285 Si
318 2249 471 2285 tamen
494 2243 564 2285 his
585 2242 704 2285 flecti
727 2243 886 2293 nescis,
908 2244 1082 2298 parebo,
1105 2245 1182 2285 sed
1205 2243 1342 2286 istum

305 2312 374 2354 Ah
397 2312 619 2354 celebrare
642 2312 758 2354 diern
783 2327 853 2354 me
877 2312 972 2355 sine
996 2327 1117 2354 more
1140 2327 1253 2355 meo.

249 2382 368 2424 Grex
390 2381 490 2436 pius
515 2381 741 2424 Isacidum
765 2381 958 2435 liquidas
986 2382 1232 2437 Babylonis
1254 2383 1309 2424 ad
1333 2382 1477 2424 undas

308 2450 432 2492 Mille
454 2450 575 2492 dedit
598 2450 807 2492 lacrimas
830 2457 872 2492 et
896 2450 970 2505 pia
991 2458 1096 2493 vota
1121 2452 1233 2493 Deo.

249 2519 322 2562 Sic
344 2534 427 2574 ego
449 2526 629 2574 propter
650 2533 791 2574 aquas
813 2519 985 2561 solenni
1009 2520 1107 2562 luce
1129 2519 1282 2570 litabo,

304 2587 466 2630 Audiet
489 2594 532 2630 et
555 2595 732 2630 nostras
754 2594 942 2642 utraque
965 2587 1060 2642 ripa
1082 2602 1250 2643 preces.

250 2658 349 2699 Has
372 2672 508 2712 prope
531 2659 636 2700 dent
661 2657 901 2713 Nymphae
924 2658 1164 2707 tumulum,
1189 2671 1291 2699 curn
1315 2656 1502 2698 flumina
1524 2655 1648 2710 liqui,

306 2728 407 2768 Hoc
429 2734 554 2782 gerat
577 2727 820 2782 eloquium,
845 2726 919 2781 qui
942 2733 1063 2781 teget
1091 2741 1206 2776 ossa,
1231 2725 1372 2781 lapis:

250 2798 277 2816 “
298 2796 386 2838 Hic
409 2797 591 2838 recubat
615 2796 823 2838 dominus
845 2796 977 2838 vicini
1000 2795 1202 2851 gurgitis,
1227 2810 1360 2837 auras

307 2866 427 2907 Dum
454 2865 665 2916 traheret,
690 2865 898 2907 dominus
920 2879 1008 2907 non
1031 2872 1183 2907 tamen
1206 2864 1300 2919 ipse
1323 2863 1402 2906 sui.

1803 1081 1885 1111 200

1800 1769 1883 1799 210

1798 2462 1881 2491 220
