2594 3749
389 328 452 360 TO
484 327 703 358 WILLIAM
739 325 984 366 IIERBERT,
1020 326 1148 357 EARL
1179 326 1240 358 OF
1275 325 1550 359 PEMBROKE.

244 447 345 488 Non
368 452 433 487 tot
457 445 502 486 in
527 444 654 487 Ionio
677 449 940 498 merguntur
960 441 1098 484 lintea
1122 449 1271 496 ponto,

300 516 401 556 Non
425 521 490 556 tot
513 515 568 556 ab
593 512 826 568 Hesperiis
849 511 1056 567 Syrtibus
1079 512 1242 553 hausta
1264 511 1401 554 vides.

240 584 354 626 Cum
377 583 511 625 vehat
535 583 809 631 innumeras,
835 595 968 635 quam
992 580 1225 630 verrimus,
1251 582 1369 622 unda
1392 580 1582 630 carinas,

298 652 383 693 Vix
404 658 581 706 portum
606 653 659 693 de
681 658 747 693 tot
771 650 967 692 millibus
991 664 1079 691 una
1103 650 1235 691 subit.

243 721 361 770 Heu,
386 721 498 762 freta
520 719 766 774 naufragiis
790 719 924 760 nimis
947 724 1200 772 opportuna
1223 732 1453 759 secamus:

297 790 384 831 Tot
408 805 629 844 nusquam
653 789 870 844 premitur
891 788 1108 842 naufraga
1130 788 1260 829 turba
1283 787 1424 828 malis.

241 859 288 901 Si
312 859 411 913 quis
433 860 489 901 ab
514 858 767 907 Hadriacis‚
792 857 933 900 fracta
956 864 1062 904 rate,
1085 856 1278 911 pallidus
1302 855 1432 897 undis

300 928 420 978 Exit,
444 928 488 969 in
512 927 726 970 auxilium
751 928 882 969 turba
905 927 1153 981 propinqua
1176 925 1278 968 ruit.

243 996 332 1039 Hic
355 996 438 1039 sibi
462 998 687 1039 detractos
710 996 908 1038 humeris
930 995 1119 1050 imponit
1143 994 1362 1037 amictus:

301 1065 388 1107 Hic
410 1066 527 1107 fovet
552 1080 742 1108 accenso
763 1065 922 1119 frigida
946 1065 1147 1106 membra
1169 1064 1282 1105 foco.

242 1135 431 1189 Porrigit
454 1135 527 1176 ille
550 1136 698 1189 dapes,
720 1134 803 1176 fert
827 1135 942 1175 alter
965 1148 1150 1175 munera
1175 1133 1359 1182 Bacchi,

300 1206 535 1260 Quamque
559 1211 718 1258 potest,
740 1210 939 1258 praestat
963 1203 1148 1257 quisque
1173 1202 1384 1244 misertus
1406 1216 1550 1256 opem.

240 1274 334 1314 Nos
356 1273 469 1328 fugit
493 1273 670 1321 eiectos,
693 1273 804 1328 ipsis
827 1287 909 1314 nos
932 1272 1045 1314 ridet
1069 1272 1113 1313 in
1137 1271 1268 1313 undis

300 1343 498 1383 Barbara
521 1357 642 1397 gens,
665 1341 830 1383 nostris
853 1341 1099 1383 exhilarata
1123 1340 1264 1382 malis.

240 1410 468 1461 Cladibus,
492 1411 594 1461 heu,
619 1411 783 1453 nostris
805 1411 921 1453 oculi
945 1418 1192 1465 pascuntur
1215 1410 1392 1459 inertes,

300 1482 482 1535 Nosque
506 1487 663 1522 notant
687 1480 827 1535 digito
849 1480 1015 1522 femina
1036 1480 1188 1533 virque
1212 1494 1308 1521 suo.

241 1551 458 1605 Quodque
482 1550 626 1604 magis
650 1549 879 1598 miserum,
905 1556 1036 1604 portu
1060 1549 1132 1603 qui
1157 1555 1275 1590 sorte
1297 1548 1515 1596 fruuntur,

300 1619 471 1661 Fabula
494 1634 576 1661 nos
598 1619 685 1660 illis
708 1619 1036 1673 ludibriumque
1060 1633 1226 1660 sumus.

241 1689 343 1730 Non
367 1695 519 1730 tamen
543 1695 609 1730 est
633 1688 732 1735 illis,
755 1695 910 1743 portus
932 1688 1134 1742 tetigisse
1158 1687 1344 1741 cupitos

298 1758 467 1808 Gloria,
492 1773 572 1800 nee
596 1758 739 1808 nobis,
763 1773 852 1799 non
876 1758 1092 1813 tetigisse,
1118 1758 1273 1812 pudor.

241 1828 384 1882 Saepe
406 1827 516 1869 freto
540 1842 642 1869 cum
666 1842 813 1869 mersa
836 1827 950 1869 iacet
975 1826 1195 1881 praetoria
1218 1825 1392 1880 puppis,

299 1896 411 1938 Vela
434 1897 601 1951 legens,
626 1903 802 1951 portum
828 1911 964 1951 parva
988 1896 1139 1937 carina
1163 1895 1297 1936 subit.

241 1966 464 2007 Scandere
490 1966 789 2020 Bellerophon
812 1966 978 2006 frustra
1001 1964 1191 2006 tentavit
1217 1963 1486 2019 Olympum3

297 2036 431 2076 Astra
453 2042 605 2077 tamen
629 2035 776 2090 tetigit
803 2034 1165 2089 Bellerophontis
1189 2048 1343 2087 equus.

241 2103 384 2159 Regia
406 2104 641 2159 progenies
664 2111 851 2158 pontum
880 2105 986 2145 dum
1013 2102 1177 2144 traiicit
1209 2102 1354 2151 Helle,

299 2173 496 2215 Nomina
519 2173 589 2215 cui
613 2173 807 2214 moriens
837 2172 1042 2222 contulit,
1068 2172 1231 2213 hausta
1253 2171 1364 2212 freto
1387 2176 1468 2211 est.

240 2243 365 2298 Quae
388 2250 540 2284 tamen
563 2243 679 2284 hanc
702 2243 835 2292 vexit,
861 2250 1070 2297 superato
1093 2242 1238 2283 bellua
1261 2247 1411 2294 ponto,

298 2312 525 2354 Colchidis
547 2320 753 2370 optatum
777 2313 903 2355 littus
927 2320 969 2354 et
993 2327 1098 2354 arva
1120 2318 1258 2353 tenet.

240 2382 381 2425 Crede
401 2382 522 2429 mihi,
545 2383 743 2424 sobolem
769 2382 896 2424 nobis
919 2382 1013 2423 ovis
1036 2382 1123 2422 ista
1146 2380 1336 2434 reliquit,

297 2451 443 2492 Aurea
466 2466 580 2505 quae
601 2458 748 2506 gestat
771 2451 948 2501 vellera,
972 2458 1121 2492 mente
1145 2465 1296 2505 pecus.

240 2519 452 2561 Mollibus
475 2520 585 2562 haee
607 2520 842 2575 Zephyris,
866 2520 1075 2574 pulvillos
1098 2519 1213 2560 inter
1235 2525 1278 2560 et
1302 2525 1488 2565 ostrum,

297 2588 505 2643 Navigat,
527 2595 570 2631 et
592 2596 771 2644 portum
796 2589 1057 2643 semisopita
1081 2588 1214 2630 subit.

241 2656 327 2697 His
350 2671 472 2699 mare
495 2672 594 2699 cum
619 2658 767 2700 ventis
789 2658 916 2708 ridet,
940 2658 1146 2699 felicibus
1168 2656 1303 2705 auris,

297 2727 370 2774 Et,
387 2726 489 2780 plus
512 2741 645 2781 quam
669 2741 749 2782 par
771 2734 852 2777 est,
877 2733 1030 2769 aestus
1053 2733 1096 2768 et
1119 2733 1241 2768 astra
1262 2726 1428 2766 favent.

240 2795 335 2836 Nos
359 2810 491 2846 mare,
515 2810 597 2837 nos
619 2796 752 2846 venti,
775 2811 857 2838 nos
879 2804 1033 2838 aestus
1055 2802 1198 2843 vexat,
1221 2802 1263 2837 et
1288 2801 1421 2841 astra,

297 2865 485 2919 Semper
505 2871 548 2907 et
572 2866 713 2920 optati
736 2866 900 2908 littoris
922 2880 999 2908 ora
1020 2865 1144 2920 fugit.

240 2933 342 2975 Non
365 2940 431 2976 tot
457 2934 719 2977 Maeonides
742 2935 862 2978 mala
884 2950 1069 2990 passum
1092 2934 1219 2976 finxit
1246 2933 1472 2988 Ulyssem,

939 3006 1003 3034 ΒΕ

1787 328 1868 372 217

1816 663 1870 702 30

1821 1351 1875 1391 40

1822 2041 1875 2083 50

1820 2721 1874 2761 60
