2594 3749
647 343 728 396 136

1420 349 1662 381 PARERGA.

817 470 912 511 Nec
935 468 1058 524 prius
1080 468 1286 510 infandas
1309 467 1457 522 posuit
1480 481 1590 522 gens
1613 481 1746 509 saeva
1769 481 1962 517 secures,

875 539 1022 581 Caede
1046 537 1307 579 maritorum
1333 550 1465 590 quam
1494 535 1715 578 rubuisset
1743 535 1922 578 humus.

818 607 944 649 Bella
966 606 1078 661 gerit
1103 606 1270 661 peltata
1294 605 1465 655 cohors,
1490 607 1595 647 dum
1619 605 1713 647 iura
1738 604 1886 646 mariti

876 676 1067 731 Spernit,
1093 683 1134 718 et
1159 675 1392 730 imperium
1416 674 1526 716 ferre
1549 673 1672 716 virile
1699 673 1866 728 nequit.

818 746 1000 788 Sumere
1024 751 1239 799 cogentur
1262 743 1500 799 Nymphae
1526 742 1752 785 Doneides
1774 757 1913 792 arma,

876 815 938 857 Ut
963 813 1045 856 sibi
1069 813 1293 867 depellant
1318 811 1662 866 pignoribusque
1687 826 1853 854 necem.

818 882 929 938 Quis
953 889 1097 924 status
1120 881 1240 923 urbis
1259 881 1352 930 erit,
1374 880 1467 922 fora
1490 895 1590 922 curn
1615 886 1871 934 nuptaeque
1896 894 2122 934 nurusque

878 951 1090 992 Feminea
1113 950 1290 1004 cingent
1315 949 1611 1003 diripientque
1636 963 1771 990 manu
1792 950 1808 990 ?

816 1021 953 1060 Arma
975 1019 1096 1062 dabit
1120 1019 1289 1068 rabies3
1324 1017 1471 1059 silices
1494 1031 1571 1071 per
1594 1023 1737 1059 rostra
1758 1017 1943 1067 videbis,

876 1088 1017 1142 Inque
1042 1089 1309 1129 Senatorum
1334 1092 1453 1128 tecta
1476 1086 1623 1127 volare
1646 1085 1780 1127 faces,

819 1157 938 1198 Nata
961 1156 1113 1210 patris,
1139 1155 1331 1197 coniunx
1354 1154 1396 1195 in
1419 1160 1602 1207 guttura
1625 1153 1827 1208 coniugis
1850 1154 1956 1203 ibit;

876 1225 962 1267 Ibit
987 1225 1029 1266 in
1053 1224 1170 1265 effeti
1195 1223 1364 1265 lumina
1387 1222 1534 1277 neptis
1558 1222 1642 1264 avi.

820 1294 1056 1348 Unguibus
1079 1292 1274 1334 hamatis
1297 1291 1436 1333 soceri
1460 1305 1599 1333 nurus
1622 1291 1750 1333 obvia
1777 1291 1927 1333 vultus

877 1364 1083 1417 Impctet,
1108 1368 1149 1403 et
1173 1360 1334 1415 pugnis
1356 1361 1513 1402 tundet
1537 1360 1704 1401 inerme
1728 1367 1876 1414 caput.

820 1433 945 1474 Haec
969 1431 1208 1472 metuenda
1230 1444 1335 1472 veru
1360 1435 1609 1484 praetorem
1633 1428 1865 1483 transiget,
1891 1428 1966 1470 illa

878 1501 1073 1554 Franget
1097 1499 1140 1540 in
1164 1498 1336 1540 adversi
1362 1497 1558 1540 consulis
1580 1511 1653 1539 ore
1676 1497 1838 1539 colum.

817 1569 981 1611 Omnia
1003 1569 1261 1618 turbabunt,
1285 1568 1435 1609 vetula
1457 1566 1687 1622 potiantur
1709 1573 1755 1608 ut
1779 1566 1869 1616 illa,

876 1638 975 1693 Qua
999 1637 1092 1679 sine
1116 1651 1162 1678 se
1185 1642 1330 1678 tutam
1355 1635 1477 1677 nulla
1500 1634 1648 1689 puella
1671 1640 1815 1689 putat.

818 1706 1000 1760 Integra
1023 1707 1128 1747 durn
1151 1719 1220 1746 res
1244 1711 1325 1754 est,
1350 1703 1533 1746 dubium
1557 1703 1824 1758 praevertite
1847 1703 2026 1754 bellum,

876 1774 1030 1817 Cedite
1053 1773 1330 1828 coniugibus,
1356 1774 1471 1827 quod
1495 1772 1589 1814 sine
1615 1773 1759 1814 Marte
1782 1778 1956 1827 petunt.

819 1844 919 1884 Non
944 1857 1142 1884 meruere
1165 1841 1249 1884 tori
1274 1841 1435 1891 sociae,
1461 1842 1576 1896 quod
1603 1841 1714 1883 ferre
1738 1846 1894 1883 coacta
1917 1847 1984 1882 est

874 1911 1049 1966 Argolis
1072 1912 1298 1961 Alcmene,
1323 1909 1507 1952 crimine
1531 1910 1648 1951 facta
1673 1923 1848 1965 parens.

820 1980 1039 2022 Noctibus
1062 1980 1172 2021 haec
1197 1985 1382 2033 septem,
1408 1978 1594 2020 totidem
1619 1978 1818 2020 cruciata
1840 1979 1996 2020 diebus

877 2048 1067 2098 Dicitur,
1091 2047 1290 2090 Alcidem
1314 2062 1413 2089 cum
1438 2047 1636 2102 paritura
1659 2047 1784 2089 foret.

820 2118 963 2173 Quam
987 2117 1135 2158 latura
1156 2116 1253 2167 fuit,
1278 2115 1466 2157 miserae
1490 2116 1733 2157 subducere
1757 2115 1889 2157 matri

877 2187 1074 2228 Barbara
1099 2185 1317 2227 Lucinam
1343 2186 1456 2226 Iuno
1479 2184 1622 2239 coegit
1647 2198 1791 2238 opem.

817 2255 993 2309 Argolis
1015 2255 1130 2296 hanc
1154 2254 1311 2295 merito
1334 2253 1542 2307 persolvit
1567 2253 1768 2295 adultera
1791 2267 1996 2307 poenam,

876 2323 1094 2366 Noctibus
1117 2337 1226 2364 ausa
1248 2323 1389 2364 tribus
1411 2322 1654 2364 detinuisse
1679 2323 1846 2364 Iovem.

819 2393 928 2435 Fida
953 2398 1133 2434 manent
1157 2392 1296 2442 vobis,
1321 2406 1537 2446 procereS,
1562 2391 1796 2442 connubia,
1821 2397 1987 2446 nuptae

875 2461 1086 2505 Criminis
1109 2468 1320 2511 exsortes,
1345 2468 1387 2502 et
1411 2461 1505 2502 sine
1528 2461 1626 2503 labe
1649 2475 1800 2503 nurus.

820 2532 920 2572 Hae
943 2531 1086 2572 ditant
1110 2536 1152 2572 et
1177 2531 1297 2585 prole
1320 2531 1489 2580 domos,
1514 2536 1556 2572 et
1576 2529 1745 2572 civibus
1768 2531 1936 2580 urbem,

877 2601 1037 2654 Sparta
1060 2598 1220 2654 quibus
1243 2605 1407 2653 posset,
1435 2600 1579 2640 Roma
1609 2599 1675 2640 vel
1701 2598 1797 2652 ipsa
1819 2598 1926 2653 regi.

820 2669 918 2710 Has
939 2667 1059 2718 facit,
1084 2667 1313 2709 exsultans
1336 2666 1521 2717 meritis,
1546 2666 1852 2709 Thaumantia
1875 2672 2041 2708 matres
2060 2681 2069 2715 ;

877 2736 1059 2778 Publica
1082 2751 1152 2778 res
1174 2736 1306 2778 huius
1329 2742 1506 2790 statque
1530 2736 1735 2790 caditque
1759 2750 1908 2778 manu.

818 2805 1029 2848 Criminis
1052 2805 1095 2846 in
1120 2805 1329 2859 speeiem,
1353 2805 1528 2846 vetulae
1551 2804 1800 2859 petulantia
1823 2804 2002 2859 linguae

877 2873 1108 2922 Obiicitur‚
1134 2872 1307 2913 miseris
1329 2872 1634 2927 excipiturque
1657 2872 1815 2914 modis.

819 2942 901 2982 Est
924 2941 1079 2983 vitium
1105 2942 1202 2992 hoc,
1226 2941 1367 2983 fateor
1391 2941 1512 2996 (quid
1531 2941 1648 2983 enim
1672 2942 1817 2984 lucere
1840 2955 2056 2996 negemus

2362 535 2442 577 180

2364 1236 2444 1278 190

2365 1921 2446 1951 200

2362 2608 2445 2638 210
