2594 3749
540 344 604 376 TO
636 343 839 376 THOMAS
874 344 1118 377 NICOLSON
1152 346 1253 377 THE
1282 345 1465 388 JURIST.

274 461 375 502 Non
398 476 479 516 ego
501 468 544 503 te
566 460 702 512 Tulli,
726 475 814 503 non
837 467 880 503 te
905 462 1226 504 Demosthenis
1249 470 1366 517 opto,

327 529 432 580 Aut,
456 529 736 572 Atlantiades
759 545 846 584 quo
869 530 996 581 solet,
1020 545 1094 573 ore
1116 531 1246 585 loqui.

270 598 456 640 Strinxit
480 598 524 640 in
548 599 842 649 Enceladum,
870 599 1073 654 vastique
1099 600 1336 655 Typhoeos
1363 616 1439 643 ora

328 667 498 721 Iupiter
519 667 563 708 in
587 667 750 710 Siculis
771 668 860 710 tela
886 675 1061 710 recocta
1082 668 1205 710 focis.

269 736 321 776 In
344 743 477 790 caput
500 736 712 791 ignivomi
734 743 783 778 tu
808 737 1197 792 Brontotyphoeos
1220 737 1351 788 ultor,

325 805 450 860 Quae
473 805 603 860 geris,
627 805 789 860 eloquii
812 806 1000 847 fulmina
1023 820 1176 860 prome
1198 806 1274 847 tui.

268 872 366 922 His,
389 873 549 927 quibus
571 874 803 929 obstupuit
825 874 958 917 toties
982 875 1209 925 Bodotria,
1233 875 1349 917 vires

326 941 508 984 Disiicis
531 942 730 992 hostiles,
753 950 795 985 et
817 943 911 986 fora
933 950 1029 985 tota
1051 944 1209 998 quatis.

263 1010 328 1052 Te
350 1010 536 1053 Themis
559 1011 684 1061 irato,
707 1027 818 1067 quas
841 1027 930 1054 non
954 1013 1099 1061 habet,
1121 1013 1263 1055 induit
1287 1013 1391 1064 iras,

324 1081 450 1123 Haec
473 1087 622 1123 tecum
646 1081 773 1132 ridet,
797 1082 1018 1132 condolet,
1041 1081 1145 1131 odit,
1169 1088 1301 1124 amat.

264 1148 350 1204 Qui
372 1155 499 1191 tonat
524 1151 578 1192 ad
603 1151 809 1201 Boream,
832 1158 876 1193 te
900 1166 1049 1193 coram
1073 1151 1275 1193 concidet
1298 1150 1452 1198 hostis,

322 1219 494 1260 Fabula
518 1219 775 1274 Grampiaci
802 1220 1131 1274 ludibriumque
1154 1220 1244 1261 fori.

265 1287 358 1328 Nec
381 1286 461 1329 tibi
487 1289 863 1343 Brontotyphum‚
887 1288 1045 1330 mistas
1067 1288 1141 1343 qui
1165 1288 1341 1330 turbine
1364 1288 1572 1330 flammas

321 1356 546 1398 Faucibus
570 1365 758 1408 eructat,
782 1358 957 1400 vincere
984 1365 1112 1412 turpe
1140 1365 1258 1412 puta.

263 1424 405 1467 Filius
427 1426 669 1469 Alcmenae
693 1427 825 1469 simul
849 1434 891 1470 et
916 1427 1187 1470 Caledonius
1210 1427 1340 1468 heros

319 1495 466 1537 Caede
488 1495 850 1551 triumpharunt;
884 1496 956 1538 hic
980 1496 1087 1546 suis,
1112 1496 1186 1537 ille
1209 1495 1344 1537 bovis.

262 1565 424 1606 Persea
446 1564 664 1607 sideribus
687 1565 868 1608 donavit
893 1567 1070 1620 Gorg03
1103 1564 1273 1619 tropaei

319 1634 680 1689 Bellerophontei
703 1649 840 1677 causa
864 1634 1102 1677 Chimaera
1124 1633 1217 1675 fuit.

257 1702 431 1758 Quique
454 1703 547 1745 suis
569 1703 793 1746 tumidum
816 1703 973 1746 stravit
1003 1703 1209 1758 Pythona
1237 1701 1426 1756 sagittis,

316 1771 470 1814 Victor
492 1773 638 1815 adhuc
662 1773 891 1815 celebrans
916 1772 1079 1827 Pythia
1101 1778 1253 1814 cantat
1279 1772 1340 1812 Io.

260 1841 368 1882 Plus
389 1840 461 1883 hic
484 1841 629 1884 laudis
652 1842 749 1892 erit,
774 1849 974 1884 monstro
998 1841 1282 1883 stabulantur
1303 1840 1347 1881 in
1370 1839 1468 1888 isto,

316 1911 407 1952 Bos
428 1909 563 1961 ferus,
587 1911 732 1953 hirtus
755 1926 872 1966 aper,
897 1913 1063 1966 Gorgo,
1088 1910 1338 1957 Chimaera,
1361 1910 1503 1950 draco.

258 1979 382 2021 Mille
403 1979 520 2021 feras
542 1980 626 2022 hoc
649 1987 806 2035 pectus
828 1980 922 2031 alit,
945 1979 1220 2033 totidemque
1241 1977 1494 2032 triumphos

315 2048 464 2092 Unius
485 2049 706 2092 excidium
733 2048 1080 2106 sesquicyclopis
1107 2048 1252 2090 habet.

1818 353 1896 395 241

1839 1095 1893 1133 30

1835 1782 1890 1823 40

197 2204 249 2227 22.
273 2195 514 2237 Atlantiades.]
569 2197 768 2231 Mercurius.

196 2259 247 2291 24.
273 2250 396 2282 Siculis
411 2251 523 2291 focis.]
575 2251 740 2284 Volcanic
757 2252 914 2284 furnaces
931 2251 970 2283 of
981 2251 1103 2283 Aetna.

196 2315 248 2347 27.
273 2304 462 2350 Bodotria]
503 2307 556 2347 By
567 2307 672 2340 Forth
686 2314 777 2340 must
790 2307 832 2340 be
848 2313 964 2340 meant
975 2305 1158 2348 poetically
1174 2305 1231 2337 the
1245 2305 1315 2346 city
1329 2314 1408 2336 near
1419 2303 1476 2334 the
1491 2301 1607 2339 Forth,
1621 2312 1658 2333 or
1673 2299 1884 2342 Edinburgh,

83 2369 119 2392 aa
135 2366 207 2392 seat
222 2360 262 2392 of
272 2359 330 2392 the
347 2360 583 2395 Law-Courts.

940 3006 1011 3041 HH
