2594 3749
651 361 732 413 284

1427 366 1668 398 PARERGA.

883 487 1006 527 Inter
1027 492 1069 527 et
1093 491 1292 540 agrestes
1312 484 1459 526 vivere
1482 484 1610 526 dulce
1632 483 1727 524 fuit.

821 554 942 596 Vidit
966 561 1008 596 et
1033 554 1188 596 invidit
1213 553 1320 595 mihi
1345 567 1414 595 me
1438 552 1702 601 Vulturnus,
1727 558 1770 593 et
1793 564 1965 605 ungues

882 624 1039 666 Intulit
1065 623 1216 665 infelix
1238 622 1282 664 in
1306 624 1423 665 bona
1446 628 1598 664 nostra
1621 628 1783 663 truces.

825 694 959 734 Hunc
987 692 1110 742 mihi,
1135 706 1340 734 curarum
1365 691 1438 746 qui
1462 706 1532 732 me
1556 692 1687 732 modo
1715 689 1830 731 mole
1857 689 2047 738 levabat,

882 761 1079 804 Abstulit
1103 761 1343 815 agricolam
1368 760 1668 813 ruricolasque
1692 760 1841 801 boves.

828 831 899 873 Sic
923 831 1167 885 expilatum
1192 830 1300 871 mihi
1324 830 1543 871 desolabit
1567 828 1776 882 agellum,

884 899 1067 941 Saevior
1091 898 1288 953 Harpyis
1310 898 1649 951 vulturibusque
1670 896 1788 938 feris.

827 968 1042 1022 Quaeque
1066 967 1350 1009 ministrabat
1373 966 1557 1016 victum,
1582 965 1763 1007 viduata
1785 965 1955 1013 colono,

886 1037 1016 1078 Nunc
1040 1035 1226 1078 tribulos
1251 1042 1426 1089 praeter
1448 1034 1507 1076 nil
1532 1034 1640 1075 mihi
1664 1033 1805 1075 reddit
1828 1033 2002 1074 humus.

830 1105 931 1158 Ipse
955 1105 1255 1146 Camenarum
1280 1102 1440 1145 studiis
1465 1103 1732 1155 Phoeboque
1755 1101 1923 1150 relicto,

890 1173 1078 1215 Rustica
1100 1186 1219 1214 nunc
1242 1186 1404 1213 curvus
1427 1185 1560 1225 cogor
1582 1178 1729 1212 aratra
1752 1170 1890 1224 sequi.

831 1243 1021 1282 Vomere
1046 1255 1124 1295 pro
1147 1240 1335 1290 calamo,
1359 1254 1438 1294 pro
1460 1240 1615 1281 charta
1638 1239 1824 1281 collibus
1846 1245 1958 1287 utor,

889 1310 947 1351 Et
972 1315 1186 1351 consueta
1209 1323 1370 1349 manus
1393 1307 1598 1358 scribere,
1624 1307 1768 1349 sulcat
1796 1307 1998 1349 humum.

831 1378 1043 1421 Carmina
1066 1377 1270 1427 dedidici,
1295 1392 1375 1431 pro
1398 1383 1533 1419 cantu
1557 1376 1714 1418 sibilus
1736 1376 1856 1418 omni
1880 1383 1962 1426 est,

890 1449 1032 1502 Quem
1058 1445 1293 1501 perhibent
1316 1445 1458 1487 fessos
1480 1445 1726 1487 exhilarare
1749 1446 1898 1487 boves.

833 1516 953 1556 Artis
975 1514 1234 1569 Apollineae
1257 1513 1432 1568 quoties
1455 1513 1615 1555 solatia
1638 1527 1816 1567 quaero,

890 1586 1075 1634 Avocor,
1100 1583 1294 1638 indignis
1320 1582 1624 1638 impediorque
1647 1583 1804 1624 modis.

836 1654 917 1695 Vel
940 1653 1072 1695 tellus
1096 1654 1345 1707 spargenda
1367 1653 1473 1693 fimo
1500 1659 1581 1702 est,
1606 1652 1672 1693 vel
1697 1659 1816 1693 crate
1839 1651 2076 1700 domanda,

891 1722 972 1763 Vel
995 1722 1225 1776 purganda
1249 1735 1400 1770 manu,
1424 1720 1493 1762 vel
1515 1720 1721 1762 fodienda
1744 1721 1869 1775 pede.

837 1792 967 1832 Nunc
990 1790 1111 1832 calor
1132 1789 1346 1839 aestivus,
1371 1803 1489 1831 nunc
1516 1796 1650 1830 urunt
1676 1788 1839 1843 frigora
1861 1789 2058 1836 brumae,

894 1860 951 1900 Et
975 1873 1093 1900 nunc
1117 1857 1322 1908 sementi,
1347 1872 1465 1899 nunc
1488 1872 1569 1911 ego
1592 1872 1736 1899 messe
1759 1871 1947 1912 premor.

836 1929 949 1969 Area
972 1928 1077 1969 dum
1100 1927 1254 1977 fervet,
1279 1926 1418 1969 lassat
1442 1925 1550 1967 mihi
1574 1925 1741 1980 pertica
1764 1927 1981 1975 dextram,

896 1998 954 2038 Et
977 1995 1137 2038 tritura
1160 2009 1311 2037 senem
1335 1994 1598 2050 quotidiana
1620 1994 1777 2048 quatit.

837 2068 1051 2122 Quaeque
1075 2080 1210 2120 pecus
1232 2065 1552 2119 dominumque
1574 2071 1711 2119 tegat,
1735 2064 1994 2106 fabricanda
2017 2062 2255 2117 quotannis

897 2137 979 2177 Est
1004 2134 1111 2176 mihi
1135 2136 1187 2176 de
1210 2134 1341 2176 iunco
1364 2134 1696 2189 cespitibusque
1720 2135 1891 2175 domus.

841 2204 1053 2246 Bucerios
1076 2218 1195 2245 nunc
1218 2204 1312 2258 ipse
1335 2218 1492 2258 greges
1514 2205 1568 2245 ad
1592 2203 1754 2258 pabula
1777 2204 1904 2253 duco,

898 2275 1028 2315 Nunc
1051 2273 1210 2315 baculo
1232 2273 1362 2315 nixus
1386 2288 1566 2328 pascere
1590 2287 1724 2326 cogor
1745 2287 1862 2315 oves.

843 2344 944 2397 Ipse
967 2357 1091 2384 meas
1113 2342 1261 2392 didici,
1287 2343 1422 2397 pudet
1445 2343 1546 2392 heu,
1570 2343 1752 2384 tondere
1775 2341 1994 2391 bidentes,

901 2411 1123 2453 Fluminis
1145 2411 1323 2453 ablutas
1346 2418 1450 2453 ante
1473 2411 1664 2453 salubris
1687 2426 1842 2465 aquae.

843 2481 915 2523 Sic
941 2481 1047 2522 mihi
1072 2481 1296 2523 continuis
1319 2481 1522 2535 distringi
1546 2487 1725 2535 pectora
1748 2481 1878 2532 curis,

904 2551 1153 2602 Fractaque
1177 2563 1264 2591 non
1289 2564 1376 2591 uno
1401 2550 1601 2591 membra
1623 2549 1772 2591 labore
1794 2549 1933 2591 vides.

843 2617 1072 2671 Torqueor
1094 2618 1212 2659 haud
1236 2618 1378 2668 aliter,
1404 2632 1536 2672 quarn
1562 2617 1635 2671 qui
1659 2617 1915 2672 plectuntur
1936 2617 1980 2658 in
2004 2618 2133 2666 Orco,

905 2689 963 2728 Et
988 2701 1169 2742 poenas,
1194 2687 1255 2728 illi
1279 2701 1391 2741 quas
1414 2701 1628 2737 meruere,
1653 2687 1739 2728 luo.

989 2823 1040 2853 57.
1067 2813 1274 2853 Desolabit.]
1321 2814 1471 2854 Perhaps
1489 2813 1686 2845 “desolavit
1701 2813 1719 2826 ”
1736 2823 1807 2845 was
1823 2813 1880 2845 the
1897 2813 1987 2854 right
2003 2811 2155 2853 reading.

990 2869 1041 2907 69.
1069 2869 1169 2899 Crate
1186 2868 1384 2908 domanda]
1432 2868 1637 2909 Harrowing
1652 2868 1697 2908 by
1714 2868 1842 2899 hurdle.

991 2932 1042 2962 74.
1069 2921 1232 2961 Tritura.]
1279 2924 1343 2953 See
1362 2923 1426 2952 No.
1445 2923 1552 2959 XLI„
1570 2929 1650 2953 note
1667 2933 1711 2953 on
1732 2923 1753 2938 “
1769 2921 1992 2963 flagellatae,⁷'
2009 2920 2104 2958 ibid„
2122 2920 2144 2950 l.
2165 2929 2213 2960 15.

992 2978 1043 3008 80.
1069 2976 1241 3017 Ablutas.]
1286 2977 1440 3008 Allusion
1458 2983 1493 3008 to
1510 2977 1568 3009 the
1585 2976 1709 3008 annual
1727 2975 2014 3018 sheep-washing.

2400 1030 2454 1071 60

2407 1727 2459 1769 70

2414 2407 2466 2449 80
