2594 3749
0 2900 22 2925 '3
46 2917 49 2934 ι

628 357 853 390 APOLOGY
887 356 981 388 FOR
1018 354 1166 389 LEITH
1201 358 1417 391 SAILORS.

294 475 455 530 Aspice
478 489 590 529 quas
613 473 802 529 propriis
825 473 1048 528 permittis
1071 473 1242 516 civibus
1265 482 1395 524 artes,

354 545 473 587 Urbs
496 543 670 597 quibus,
697 549 743 584 ut
767 541 933 596 cupiat,
958 542 1080 583 nulla
1103 557 1252 584 carere
1275 551 1438 598 potest.

296 613 498 655 Daedala
521 619 740 653 sartorum
763 625 874 665 gens
897 617 963 652 est
987 610 1180 653 exercita
1205 611 1349 662 furtis,

352 682 490 722 Furta
514 681 590 722 sed
614 679 780 734 ingenii
804 679 1050 721 calliditate
1072 679 1198 734 tegit.

292 751 394 792 Non
420 749 540 791 Iovis
562 749 672 790 haec
695 747 855 802 pallae,
879 747 1031 802 digitis
1054 748 1089 789 si
1113 755 1316 803 tangeret
1341 749 1481 800 uncis,

350 819 572 867 Parceret,
597 824 673 859 aut
704 816 848 871 peplo,
874 831 1039 871 magna
1068 816 1231 867 Diana,
1255 824 1347 859 tuo.

289 886 456 928 Textor
477 886 601 928 olens
623 893 688 927 tot
711 886 829 927 furta
852 884 982 940 parit,
1008 892 1115 939 quot
1143 886 1338 928 stamina
1365 887 1518 936 nectit,

347 956 434 997 Tot
458 955 637 997 molitor
657 955 849 1004 fraudes,
874 961 981 1008 quot
1009 955 1127 996 mola
1153 969 1292 1009 grana
1315 955 1432 998 terit.

292 1024 401 1081 Quis
424 1031 695 1066 mercatores
716 1037 805 1065 non
828 1024 963 1065 addat
985 1023 1170 1074 furibus,
1195 1024 1311 1066 idem

348 1095 462 1137 Cum
485 1092 692 1134 tutelaris
714 1091 880 1146 praesit
903 1092 1104 1146 utrisque
1129 1093 1287 1135 Deus?

291 1163 386 1204 Nec
408 1169 500 1211 tua,
528 1162 719 1211 Phoebe,
745 1161 904 1202 cohors
927 1161 1076 1202 minus
1099 1169 1165 1203 est
1190 1176 1263 1204 rea
1287 1161 1486 1204 criminis
1510 1161 1657 1211 huius,

347 1231 392 1273 Si
417 1230 521 1285 quid
545 1231 590 1271 in
614 1237 707 1272 arte
731 1244 858 1271 sacra
881 1230 1081 1272 criminis
1104 1246 1200 1272 esse
1224 1238 1387 1285 potest.

290 1301 413 1341 Naso
438 1298 640 1341 Maronis
662 1314 786 1353 opus,
814 1300 940 1340 Maro
971 1299 1228 1353 compilavit
1255 1300 1520 1349 Homerum,

347 1368 527 1422 Orphea
551 1367 826 1416 Maeonides,
851 1367 1037 1409 forsitan
1061 1367 1134 1408 ille
1158 1367 1340 1409 Linum.

289 1438 415 1479 Haec
439 1451 614 1491 quoque
637 1451 718 1477 nos
742 1436 900 1479 Cirrha
923 1436 1076 1490 procul
1099 1443 1143 1478 et
1169 1436 1447 1479 Permesside
1470 1437 1668 1492 lympha,

347 1508 471 1562 Quae
494 1507 668 1554 damus,
690 1504 877 1546 alterius
900 1505 1100 1546 carmina
1122 1505 1272 1547 forsan
1296 1513 1438 1548 erant.

286 1575 448 1630 Aspice
474 1574 774 1627 Martigenam
799 1574 1012 1628 populum
1037 1581 1307 1629 gentemque
1329 1581 1547 1630 togatam,

345 1644 565 1698 Exemplo
588 1650 750 1685 nautas
772 1643 963 1698 protegit
989 1643 1064 1685 illa
1088 1659 1182 1686 suo.

287 1716 466 1757 Structa
489 1713 735 1755 latrociniis
758 1720 862 1755 sunt
885 1714 1003 1755 altae
1026 1713 1204 1755 moenia
1228 1715 1416 1765 Romae,

345 1783 565 1826 Romulus
588 1782 682 1837 ipse
707 1789 833 1837 pater
854 1783 1032 1837 praedO,
1060 1784 1319 1837 Remusque
1344 1783 1442 1825 fuit.

288 1853 408 1894 Dum
433 1852 572 1902 stetit,
597 1866 649 1893 ex
672 1858 799 1905 rapto
822 1850 929 1892 vixit
957 1852 1162 1893 Romana
1186 1858 1400 1906 potestaS,

344 1922 438 1963 Nec
461 1920 544 1962 nisi
570 1921 842 1975 praedonum
866 1921 997 1962 turba
1022 1921 1217 1962 Senatus
1239 1927 1349 1962 erat.

286 1992 409 2045 Quas
430 1989 542 2044 gerit
566 1989 609 2030 in
633 1989 787 2044 signis,
813 2003 960 2030 mores
983 1988 1161 2031 imitata
1183 1989 1415 2031 volucrum
1447 1997 1514 2032 est

344 2059 538 2101 Romula
561 2073 686 2113 gens,
711 2065 753 2100 et
778 2072 890 2112 quae
915 2064 1093 2100 suxerat
1118 2072 1194 2100 ora
1218 2058 1364 2113 lupae.

286 2129 375 2171 Fas
398 2134 491 2170 erat
515 2127 701 2182 imperio
722 2127 895 2169 vicinas
921 2128 1082 2169 addere
1109 2134 1281 2182 gentes,

343 2199 602 2252 Regnaque,
627 2212 740 2251 quae
763 2203 969 2251 poterant
996 2197 1141 2238 Marte
1164 2196 1232 2238 vel
1257 2204 1351 2239 arte
1374 2197 1488 2252 capi.

287 2266 420 2308 Nulla
442 2274 594 2308 tamen
617 2266 740 2308 labes
761 2266 843 2307 fuit
866 2266 954 2307 illis
976 2266 1129 2308 iuncta
1156 2266 1339 2320 rapinis,

342 2337 478 2378 Sacra
502 2337 578 2377 sed
601 2335 769 2377 audivit
796 2336 956 2384 Roma,
984 2336 1219 2389 Deumque
1242 2335 1380 2377 loeus.

286 2405 416 2447 Nunc
438 2412 516 2446 tua
539 2405 713 2446 divexat
735 2411 916 2459 gentem
941 2419 1131 2446 censura
1155 2404 1391 2454 marinam,

343 2476 488 2529 Quam
512 2473 658 2515 cernis
680 2474 801 2515 tenui
826 2474 947 2515 fonte
971 2474 1142 2516 levasse
1165 2473 1298 2515 sitim.

284 2543 448 2585 Omnia
471 2543 545 2597 qui
569 2543 732 2598 rapuit,
757 2543 926 2584 mensis
949 2544 1213 2584 accumbere
1238 2542 1404 2584 Divum

341 2613 522 2662 Caesar,
545 2619 588 2654 et
612 2620 838 2655 auctorem
861 2612 999 2654 fertur
1021 2612 1183 2654 habere
1208 2612 1376 2653 Iovem.

1846 364 1924 407 145

1843 958 1923 998 160

1836 2336 1916 2377 180

227 2749 297 2787 165.
324 2749 421 2780 Maro
443 2749 641 2790 compilavit
668 2750 885 2789 Homerum.]
931 2749 986 2791 Cf.
1012 2759 1049 2781 as
1073 2754 1108 2780 to
1134 2749 1356 2789 Shakspere's
1380 2748 1663 2789 appropriations,
1689 2748 1746 2780 the
1771 2749 1912 2790 saying:

117 2800 222 2832 “The
245 2809 392 2843 greatest
415 2803 454 2834 of
473 2803 603 2834 thieves
627 2813 697 2834 was
722 2803 778 2834 the
804 2802 1067 2834 Warwickshire
1092 2802 1236 2833 Thief''.

227 2858 296 2897 167.
322 2857 440 2888 Cirrha
456 2858 602 2898 procuL]
648 2857 749 2889 From
775 2857 994 2889 Buchanan’s
1019 2864 1114 2898 great
1139 2856 1332 2888 dedication
1349 2857 1389 2888 of
1408 2856 1466 2887 the
1486 2856 1628 2887 Psalms.
1677 2856 1811 2888 Similar
1827 2857 1913 2888 echo

113 2911 270 2942 occurred
286 2911 358 2942 also
375 2912 407 2942 in
425 2911 627 2952 Johnston's
645 2912 840 2953 Onopordus
859 2912 940 2951 (No.
959 2912 1012 2949 V„
1031 2912 1052 2941 l.
1070 2910 1156 2952 553).

228 2975 297 3007 170.
324 2965 413 3006 Illa.]
459 2966 597 2997 Edition
616 2967 665 3005 '32
683 2966 745 2997 has
763 2970 782 2982 '⁴
796 2965 894 2997 ille⁷'.
943 2966 1060 2996 Either
1078 2966 1105 2995 is
1122 2965 1222 3006 right,
1241 2966 1324 2997 aster
1343 2965 1362 2997 1.
1389 2967 1456 3004 109.

999 3023 1025 3051 T
