2594 3749
677 290 757 331 116
1457 294 1694 326 PARERGA.

870 885 969 926 XV.
1014 885 1097 926 AD
1132 884 1409 928 EUNDEM
1447 884 1533 925 DE
1567 882 1736 926 LITIS
1772 880 2293 925 PROROGATIONE.

854 1037 963 1088 Fife,
988 1039 1119 1092 quod,
1144 1038 1244 1088 heu,
1270 1051 1409 1091 nuper
1430 1036 1576 1086 timui,
1601 1050 1719 1078 nunc
1743 1036 1887 1078 sidera
1910 1036 2036 1078 laeva

912 1106 1141 1161 Experior,
1165 1121 1307 1148 vanus
1329 1120 1410 1147 nec
1433 1105 1515 1147 fuit
1538 1105 1611 1146 ille
1634 1105 1782 1147 timor.

855 1175 1030 1217 Littora
1053 1176 1158 1217 dum
1182 1175 1383 1229 legimus,
1407 1173 1620 1216 miscetur
1642 1187 1868 1215 murmure
1898 1179 2077 1227 pontus,

914 1245 1081 1298 Raptat
1105 1251 1147 1285 et
1171 1243 1409 1285 attonitam
1433 1242 1527 1284 dira
1551 1242 1742 1297 procella
1766 1248 1922 1284 ratem.

856 1313 1074 1355 Redditur
1097 1315 1291 1363 Oceano,
1316 1327 1449 1366 quem
1474 1311 1562 1353 iam
1589 1317 1890 1366 superaverat,
1915 1311 2059 1360 alnus,

913 1382 1072 1425 Omnis
1094 1388 1136 1424 et
1160 1397 1211 1423 ex
1234 1381 1374 1423 oculis
1396 1388 1512 1423 terra
1535 1380 1674 1435 petita
1695 1380 1823 1435 fugit.

856 1451 1055 1493 Numina
1078 1466 1190 1504 quae
1215 1456 1435 1500 statuunt,
1459 1464 1656 1500 veneror,
1681 1464 1762 1491 nec
1784 1450 1903 1491 faeta
1928 1449 2126 1491 Deorum

915 1520 1192 1570 Insimulem,
1217 1534 1305 1561 non
1329 1519 1365 1560 si
1388 1519 1495 1561 fissa
1518 1518 1719 1560 dehiscat
1742 1518 1922 1560 humus.

857 1589 983 1630 Flere
1006 1595 1158 1630 tamen
1181 1588 1248 1629 fas
1271 1594 1337 1630 est
1362 1588 1494 1630 sortis
1516 1587 1705 1629 ludibria
1729 1593 1923 1636 nostrae,

914 1658 972 1699 Et
997 1672 1110 1712 quae
1134 1656 1326 1698 sustinui
1350 1656 1674 1711 perpetimque,
1699 1655 1836 1710 queri.
2431 1666 2483 1695 10

858 1728 982 1780 Quae
1005 1726 1106 1767 tulit
1130 1725 1283 1767 illaeso
1306 1724 1482 1767 deflevit
1506 1725 1699 1767 Caesare
1722 1725 1887 1766 damna

915 1796 1038 1836 Inter
1059 1795 1329 1836 inhumanos
1353 1795 1476 1835 Naso
1500 1799 1632 1848 poeta
1656 1794 1807 1835 Getas.

858 1865 958 1906 Non
983 1878 1063 1917 ego
1086 1878 1184 1905 sum
1209 1863 1394 1905 Geticas
1415 1863 1557 1904 fateor
1577 1862 1800 1917 proiectus
1823 1861 1867 1903 in
1890 1876 2005 1912 oras,

917 1933 1024 1974 Plus
1046 1939 1198 1975 tamen
1221 1932 1292 1974 hie
1315 1946 1461 1987 cogor,
1487 1946 1620 1986 quam
1643 1931 1746 1973 tulit
1770 1931 1857 1981 ille,
1881 1930 1990 1986 pati.

858 2001 974 2043 Exul
998 2007 1090 2043 erat
1115 2002 1252 2049 Naso,
1277 2000 1391 2043 caris
1418 2001 1598 2042 orbatus
1624 1999 1795 2049 amieis,

917 2071 1082 2111 Passus
1105 2075 1146 2111 et
1171 2075 1236 2110 est
1260 2069 1379 2110 vidui
1402 2068 1550 2110 taedia
1573 2068 1705 2123 longa
1728 2067 1838 2117 tori;

860 2141 1076 2195 Quodque
1099 2138 1242 2194 magis
1265 2137 1491 2188 miserum,
1516 2152 1596 2180 nec
1627 2152 1742 2192 spes,
1767 2151 1847 2179 nec
1871 2136 2034 2179 finibus
2055 2136 2143 2178 illis

917 2209 1006 2249 Fas
1028 2213 1121 2249 erat
1145 2213 1298 2262 optato
1320 2206 1532 2261 principis
1555 2221 1628 2248 ore
1649 2205 1744 2248 frui.

860 2277 988 2318 Haec
1010 2291 1091 2330 ego
1114 2275 1323 2325 sustinui,
1348 2275 1552 2330 quamvis
1575 2289 1655 2317 nec
1679 2274 1887 2318 Caesaris
1915 2273 2027 2316 iram

916 2345 1184 2394 Commerui,
1206 2359 1287 2387 nee
1310 2359 1380 2387 res
1401 2344 1497 2386 visa
1519 2344 1711 2386 nefanda
1735 2344 1843 2386 mihi
1867 2349 1946 2386 est.
2433 2353 2487 2383 20

858 2416 1004 2469 Atque
1027 2415 1199 2456 utinam
1224 2413 1400 2456 damnis
1423 2428 1518 2456 sors
1540 2413 1610 2455 his
1633 2419 1845 2455 contenta
1870 2412 2028 2455 fuisset

917 2485 1057 2534 Dura,
1081 2498 1162 2525 nec
1185 2483 1383 2537 asperior
1404 2497 1548 2537 poena
1570 2482 1733 2524 luenda
1756 2482 1882 2524 foret.

860 2554 1014 2594 Ludus
1037 2559 1143 2600 erat,
1167 2551 1218 2602 si,
1243 2566 1355 2606 quae
1378 2551 1536 2605 patior,
1562 2551 1680 2593 mala
1702 2550 1849 2593 taedia
1872 2550 2060 2599 confers,

918 2621 1167 2663 Sarmatico
1190 2620 1398 2675 quicquid
1426 2621 1550 2662 Naso
1573 2620 1655 2662 sub
1678 2634 1758 2661 axe
1781 2619 1899 2661 tulit.

862 2691 1006 2731 Lucta
1029 2689 1257 2731 Tomitani
1281 2703 1368 2731 non
1391 2695 1458 2731 est
1482 2703 1583 2731 curn
1607 2688 1768 2743 frigore
1789 2687 1916 2738 caeli,

919 2760 1013 2801 Nec
1036 2765 1202 2809 metuo,
1227 2758 1414 2801 stolidus
1436 2772 1549 2812 quae
1572 2763 1693 2800 tenet
1717 2771 1841 2800 arma
1864 2758 2017 2800 Getes.

1095 2905 1143 2936 15.
1169 2894 1254 2926 Exul
1272 2900 1344 2926 erat
1363 2895 1487 2934 Naso.]
1532 2893 1605 2925 The
1623 2892 1826 2935 mysterious
1842 2892 1928 2924 exile
1945 2893 1984 2925 of
1995 2891 2093 2924 Ovid.
