2594 3749
681 328 762 370 174
1462 324 1704 357 PARERGA.

911 441 994 483 Illa
1017 441 1084 483 sui
1108 440 1230 491 civis,
1257 440 1455 491 Pontice,
1480 441 1621 496 poscit
1645 455 1790 496 opem.

851 509 980 552 Tune
1004 509 1271 552 Caledonias
1293 509 1571 552 emendicare
1594 509 1766 564 puellas

912 578 1104 632 Pignora
1126 577 1317 620 finitima
1339 579 1393 620 de
1415 577 1592 632 regione
1614 577 1723 621 velis
1742 579 1759 620 ?

855 648 954 689 Mos
977 646 1047 689 hic
1070 646 1340 689 Amazoniae
1363 646 1510 701 potius
1533 648 1658 689 decet
1681 646 1862 701 agmina
1883 645 2044 701 gentis,

911 717 1122 771 Quosque
1144 715 1255 770 regit
1279 715 1466 770 populos
1492 716 1775 758 Penthesilea
1796 716 1961 757 furens.
2400 728 2481 768 130

850 783 1046 838 Aequior
1065 784 1290 826 Ausoniae
1312 784 1382 826 lex
1404 791 1485 834 est,
1510 798 1623 838 quae
1646 784 1852 840 Cypridis
1874 784 2027 826 hostes

913 852 1059 903 Pellit,
1083 859 1126 894 et
1150 867 1330 894 uxorem
1355 854 1514 894 ducere
1536 867 1758 907 quemque
1780 853 1918 895 iubet.

854 921 1020 963 Exulat
1044 921 1128 963 hac
1151 921 1317 976 Cybele
1340 921 1497 976 lepidis
1523 921 1705 964 inimica
1731 921 1905 977 puellis,

913 992 972 1032 Et
995 1005 1105 1033 cava
1127 990 1327 1033 consueti
1350 990 1556 1045 cymbala
1577 990 1688 1032 ferre
1713 991 1926 1046 Phryges.

856 1059 941 1115 Qui
964 1059 1065 1101 tulit
1089 1059 1204 1102 hanc
1228 1059 1373 1109 Latio,
1398 1059 1434 1100 si
1457 1059 1588 1102 ferret
1611 1059 1706 1102 iura
1731 1059 1941 1102 Metellus

912 1128 1177 1183 Scotigenis,
1201 1127 1281 1170 tibi
1304 1127 1392 1170 iam
1416 1142 1559 1183 poena
1581 1135 1738 1183 parata
1759 1128 1886 1170 foret.

856 1196 1064 1238 Imbelles
1087 1210 1228 1251 nuper
1249 1196 1438 1251 populos
1462 1197 1744 1251 Martemque
1766 1210 1961 1251 perosos,

911 1265 1118 1307 Vidimus
1140 1265 1184 1306 in
1208 1264 1388 1314 bellum,
1415 1265 1560 1306 Marte
1586 1271 1829 1320 premente,
1853 1264 1962 1319 rapi.

856 1335 991 1375 Haud
1013 1347 1154 1384 secus,
1179 1334 1354 1375 obtorto
1376 1340 1420 1375 te
1442 1333 1512 1375 lex
1533 1333 1806 1388 aequissima
1828 1333 1941 1376 collo

910 1403 1154 1456 Abreptum
1179 1401 1365 1444 Veneris
1388 1408 1563 1456 cogeret
1586 1416 1710 1444 arma
1733 1401 1872 1457 sequi.
2401 1413 2482 1455 140

855 1472 1023 1526 Sponte
1045 1470 1143 1513 subi
1166 1470 1314 1525 potius
1336 1470 1454 1526 iuga,
1479 1485 1592 1525 quae
1613 1477 1658 1513 te
1681 1477 1838 1513 sancta
1860 1470 2007 1513 subire

912 1541 1006 1581 Lex
1028 1539 1164 1590 iubet,
1188 1546 1231 1582 et
1254 1538 1425 1594 patriae
1447 1539 1536 1581 iam
1560 1539 1786 1594 pereuntis
1809 1553 1948 1581 amor.

855 1608 1036 1651 Civibus
1063 1608 1193 1658 hanc,
1218 1607 1422 1662 quamvis
1444 1622 1562 1651 nunc
1588 1608 1757 1651 venerit
1783 1609 2028 1663 Hesperus,
2053 1621 2192 1662 auge3

912 1677 1071 1731 Sisque
1094 1684 1233 1732 pater,
1257 1691 1388 1731 quem
1411 1691 1530 1720 nunc
1552 1691 1650 1719 esse
1671 1678 1855 1720 decebat
1878 1691 2027 1719 avum.

799 1844 869 1875 135.
896 1835 1084 1874 Metellus.]
1135 1834 1307 1872 Metellus,
1325 1834 1383 1866 the
1399 1844 1530 1876 censor,
1551 1844 1618 1867 13.c.
1638 1845 1708 1876 131,
1729 1835 1849 1867 author
1873 1835 1913 1867 of
1931 1834 1988 1866 the
2013 1834 2146 1867 famous
2164 1833 2230 1866 law
2247 1831 2481 1875 encouraging

681 1889 847 1931 marriage
865 1893 884 1907 ‘⁴
897 1889 938 1921 de
957 1888 1160 1921 Maritandis
1176 1888 1359 1921 Ordinibus
1371 1890 1391 1904 ’'
1409 1890 1532 1930 (Suet.,
1549 1889 1704 1931 August„
1722 1889 1788 1932 89).
