<?xml version="1.0" encoding="UTF-8"?>
<!DOCTYPE html PUBLIC "-//W3C//DTD XHTML 1.0 Transitional//EN"
    "http://www.w3.org/TR/xhtml1/DTD/xhtml1-transitional.dtd">
<html xmlns="http://www.w3.org/1999/xhtml" xml:lang="en" lang="en">
 <head>
  <title>
</title>
<meta http-equiv="Content-Type" content="text/html;charset=utf-8" />
  <meta name='ocr-system' content='tesseract 3.04.00' />
  <meta name='ocr-capabilities' content='ocr_page ocr_carea ocr_par ocr_line ocrx_word'/>
</head>
<body>
  <div class='ocr_page' id='page_1' title='image "./musalatinaaberdo01gedduoft_0364.png"; bbox 0 0 2594 3749; ppageno 0'>
   <div class='ocr_carea' id='block_1_1' title="bbox 567 326 650 366">
    <p class='ocr_par' dir='ltr' id='par_1_1' title="bbox 567 326 650 366">
     <span class='ocr_line' id='line_1_1' title="bbox 567 326 650 366; baseline 0 -11"><span class='ocrx_word' id='word_1_1' title='bbox 567 326 650 366; x_wconf 90' lang='lat'>310</span> 
     </span>
    </p>
   </div>
   <div class='ocr_carea' id='block_1_2' title="bbox 1347 322 1587 354">
    <p class='ocr_par' dir='ltr' id='par_1_2' title="bbox 1347 322 1587 354">
     <span class='ocr_line' id='line_1_2' title="bbox 1347 322 1587 354; baseline 0 0"><span class='ocrx_word' id='word_1_2' title='bbox 1347 322 1587 354; x_wconf 77' lang='lat' dir='ltr'><strong>PARERGA.</strong></span> 
     </span>
    </p>
   </div>
   <div class='ocr_carea' id='block_1_3' title="bbox 741 438 2032 2642">
    <p class='ocr_par' dir='ltr' id='par_1_3' title="bbox 742 438 1811 565">
     <span class='ocr_line' id='line_1_3' title="bbox 742 438 1803 495; baseline -0.004 -12"><span class='ocrx_word' id='word_1_3' title='bbox 742 442 843 495; x_wconf 89' lang='lat' dir='ltr'>Ipse</span> <span class='ocrx_word' id='word_1_4' title='bbox 867 455 972 483; x_wconf 89' lang='lat' dir='ltr'>suas</span> <span class='ocrx_word' id='word_1_5' title='bbox 995 447 1205 495; x_wconf 89' lang='lat' dir='ltr'>spectans</span> <span class='ocrx_word' id='word_1_6' title='bbox 1227 439 1348 482; x_wconf 89' lang='lat' dir='ltr'>acies</span> <span class='ocrx_word' id='word_1_7' title='bbox 1369 445 1466 481; x_wconf 89' lang='lat' dir='ltr'>tota</span> <span class='ocrx_word' id='word_1_8' title='bbox 1488 438 1670 494; x_wconf 86' lang='lat' dir='ltr'>agmina</span> <span class='ocrx_word' id='word_1_9' title='bbox 1692 444 1803 479; x_wconf 88' lang='lat' dir='ltr'>nutu</span> 
     </span>
     <span class='ocr_line' id='line_1_4' title="bbox 798 508 1811 565; baseline -0.004 -12"><span class='ocrx_word' id='word_1_10' title='bbox 798 511 1089 565; x_wconf 88' lang='lat' dir='ltr'>Circumagit‚</span> <span class='ocrx_word' id='word_1_11' title='bbox 1115 517 1218 552; x_wconf 92' lang='lat' dir='ltr'>sunt</span> <span class='ocrx_word' id='word_1_12' title='bbox 1242 511 1353 552; x_wconf 91' lang='lat' dir='ltr'>haec</span> <span class='ocrx_word' id='word_1_13' title='bbox 1377 509 1531 551; x_wconf 89' lang='lat' dir='ltr'>munia</span> <span class='ocrx_word' id='word_1_14' title='bbox 1554 509 1648 551; x_wconf 90' lang='lat' dir='ltr'>sola</span> <span class='ocrx_word' id='word_1_15' title='bbox 1671 508 1811 550; x_wconf 90' lang='lat' dir='ltr'>ducis.</span> 
     </span>
    </p>

    <p class='ocr_par' dir='ltr' id='par_1_4' title="bbox 742 575 2002 702">
     <span class='ocr_line' id='line_1_5' title="bbox 742 575 2002 633; baseline -0.003 -12"><span class='ocrx_word' id='word_1_16' title='bbox 742 580 836 620; x_wconf 92' lang='lat' dir='ltr'>Nos</span> <span class='ocrx_word' id='word_1_17' title='bbox 859 593 1049 633; x_wconf 89' lang='lat' dir='ltr'>quoque,</span> <span class='ocrx_word' id='word_1_18' title='bbox 1074 593 1184 633; x_wconf 86' lang='lat' dir='ltr'>quos</span> <span class='ocrx_word' id='word_1_19' title='bbox 1206 577 1374 621; x_wconf 87' lang='lat' dir='ltr'>ventris</span> <span class='ocrx_word' id='word_1_20' title='bbox 1397 579 1603 620; x_wconf 89' lang='lat' dir='ltr'>detentos</span> <span class='ocrx_word' id='word_1_21' title='bbox 1625 577 1818 631; x_wconf 91' lang='lat' dir='ltr'>pondere</span> <span class='ocrx_word' id='word_1_22' title='bbox 1841 575 2002 627; x_wconf 85' lang='lat' dir='ltr'><strong>cernis,</strong></span> 
     </span>
     <span class='ocr_line' id='line_1_6' title="bbox 799 644 1865 702; baseline -0.004 -12"><span class='ocrx_word' id='word_1_23' title='bbox 799 649 925 690; x_wconf 89' lang='lat' dir='ltr'>Haec</span> <span class='ocrx_word' id='word_1_24' title='bbox 948 648 1159 702; x_wconf 82' lang='lat' dir='ltr'>gerimus,</span> <span class='ocrx_word' id='word_1_25' title='bbox 1185 662 1299 702; x_wconf 88' lang='lat' dir='ltr'>quae</span> <span class='ocrx_word' id='word_1_26' title='bbox 1320 661 1431 702; x_wconf 87' lang='lat' dir='ltr'>gens</span> <span class='ocrx_word' id='word_1_27' title='bbox 1454 645 1674 688; x_wconf 89' lang='lat' dir='ltr'>emaciata</span> <span class='ocrx_word' id='word_1_28' title='bbox 1697 644 1865 699; x_wconf 90' lang='lat' dir='ltr'>nequit.</span> 
     </span>
    </p>

    <p class='ocr_par' dir='ltr' id='par_1_5' title="bbox 742 714 1988 842">
     <span class='ocr_line' id='line_1_7' title="bbox 742 714 1988 769; baseline -0.001 -11"><span class='ocrx_word' id='word_1_29' title='bbox 742 718 824 758; x_wconf 87' lang='lat' dir='ltr'>Est</span> <span class='ocrx_word' id='word_1_30' title='bbox 851 718 975 759; x_wconf 88' lang='lat' dir='ltr'>Deus</span> <span class='ocrx_word' id='word_1_31' title='bbox 997 717 1041 758; x_wconf 90' lang='lat' dir='ltr'>in</span> <span class='ocrx_word' id='word_1_32' title='bbox 1064 717 1218 767; x_wconf 91' lang='lat' dir='ltr'>nobis;</span> <span class='ocrx_word' id='word_1_33' title='bbox 1252 715 1496 758; x_wconf 89' lang='lat' dir='ltr'>immobilis</span> <span class='ocrx_word' id='word_1_34' title='bbox 1518 715 1606 765; x_wconf 88' lang='lat' dir='ltr'>ille,</span> <span class='ocrx_word' id='word_1_35' title='bbox 1630 716 1746 769; x_wconf 93' lang='lat' dir='ltr'>quod</span> <span class='ocrx_word' id='word_1_36' title='bbox 1770 714 1883 757; x_wconf 86' lang='lat' dir='ltr'>infra</span> <span class='ocrx_word' id='word_1_37' title='bbox 1905 721 1988 764; x_wconf 88' lang='lat' dir='ltr'>est,</span> 
     </span>
     <span class='ocr_line' id='line_1_8' title="bbox 801 783 1876 842; baseline -0.003 -14"><span class='ocrx_word' id='word_1_38' title='bbox 801 787 1014 842; x_wconf 85' lang='lat' dir='ltr'>Quaeque</span> <span class='ocrx_word' id='word_1_39' title='bbox 1037 800 1171 840; x_wconf 90' lang='lat' dir='ltr'>supra</span> <span class='ocrx_word' id='word_1_40' title='bbox 1193 792 1372 840; x_wconf 81' lang='lat' dir='ltr'>spectas</span> <span class='ocrx_word' id='word_1_41' title='bbox 1394 785 1553 835; x_wconf 89' lang='lat' dir='ltr'>sidera,</span> <span class='ocrx_word' id='word_1_42' title='bbox 1578 792 1727 826; x_wconf 90' lang='lat' dir='ltr'>mente</span> <span class='ocrx_word' id='word_1_43' title='bbox 1750 783 1876 837; x_wconf 90' lang='lat' dir='ltr'>regit.</span> 
     </span>
    </p>

    <p class='ocr_par' dir='ltr' id='par_1_6' title="bbox 741 851 1932 967">
     <span class='ocr_line' id='line_1_9' title="bbox 741 851 1932 910; baseline -0.004 -13"><span class='ocrx_word' id='word_1_44' title='bbox 741 855 845 896; x_wconf 86' lang='lat' dir='ltr'>Afer</span> <span class='ocrx_word' id='word_1_45' title='bbox 866 870 1007 909; x_wconf 91' lang='lat' dir='ltr'>equus</span> <span class='ocrx_word' id='word_1_46' title='bbox 1031 869 1306 910; x_wconf 85' lang='lat' dir='ltr'>capreaeque</span> <span class='ocrx_word' id='word_1_47' title='bbox 1329 854 1449 896; x_wconf 90' lang='lat' dir='ltr'>leves</span> <span class='ocrx_word' id='word_1_48' title='bbox 1471 859 1576 895; x_wconf 89' lang='lat' dir='ltr'>sunt</span> <span class='ocrx_word' id='word_1_49' title='bbox 1600 852 1802 895; x_wconf 78' lang='lat' dir='ltr'>cursibus</span> <span class='ocrx_word' id='word_1_50' title='bbox 1825 851 1932 905; x_wconf 89' lang='lat' dir='ltr'>apti,</span> 
     </span>
     <span class='ocr_line' id='line_1_10' title="bbox 803 923 1580 967; baseline -0.004 -1"><span class='ocrx_word' id='word_1_51' title='bbox 803 925 958 967; x_wconf 89' lang='lat' dir='ltr'>Munia</span> <span class='ocrx_word' id='word_1_52' title='bbox 981 926 1198 967; x_wconf 85' lang='lat' dir='ltr'>debentur</span> <span class='ocrx_word' id='word_1_53' title='bbox 1220 924 1437 966; x_wconf 88' lang='lat' dir='ltr'>nobiliora</span> <span class='ocrx_word' id='word_1_54' title='bbox 1459 923 1580 964; x_wconf 79' lang='lat' dir='ltr'>viris.</span> 
     </span>
    </p>

    <p class='ocr_par' dir='ltr' id='par_1_7' title="bbox 746 992 1886 1118">
     <span class='ocr_line' id='line_1_11' title="bbox 746 992 1841 1050; baseline -0.005 -12"><span class='ocrx_word' id='word_1_55' title='bbox 746 997 810 1037; x_wconf 88' lang='lat' dir='ltr'>Re</span> <span class='ocrx_word' id='word_1_56' title='bbox 834 1003 1044 1050; x_wconf 90' lang='lat' dir='ltr'>poscente</span> <span class='ocrx_word' id='word_1_57' title='bbox 1067 1002 1234 1045; x_wconf 89' lang='lat' dir='ltr'>tamen,</span> <span class='ocrx_word' id='word_1_58' title='bbox 1259 1000 1465 1036; x_wconf 90' lang='lat' dir='ltr'>naturam</span> <span class='ocrx_word' id='word_1_59' title='bbox 1488 992 1710 1035; x_wconf 89' lang='lat' dir='ltr'>vincimus</span> <span class='ocrx_word' id='word_1_60' title='bbox 1733 997 1841 1041; x_wconf 91' lang='lat' dir='ltr'>arte,</span> 
     </span>
     <span class='ocr_line' id='line_1_12' title="bbox 805 1061 1886 1118; baseline -0.005 -12"><span class='ocrx_word' id='word_1_61' title='bbox 805 1066 898 1106; x_wconf 92' lang='lat' dir='ltr'>Nec</span> <span class='ocrx_word' id='word_1_62' title='bbox 921 1065 1090 1106; x_wconf 90' lang='lat' dir='ltr'>ventris</span> <span class='ocrx_word' id='word_1_63' title='bbox 1112 1063 1301 1106; x_wconf 90' lang='lat' dir='ltr'>nimium</span> <span class='ocrx_word' id='word_1_64' title='bbox 1326 1061 1563 1118; x_wconf 81' lang='lat' dir='ltr'>pinguibus</span> <span class='ocrx_word' id='word_1_65' title='bbox 1587 1062 1734 1103; x_wconf 80' lang='lat' dir='ltr'>obstat</span> <span class='ocrx_word' id='word_1_66' title='bbox 1758 1074 1886 1101; x_wconf 88' lang='lat' dir='ltr'>onus.</span> 
     </span>
    </p>

    <p class='ocr_par' dir='ltr' id='par_1_8' title="bbox 745 1131 2028 1258">
     <span class='ocr_line' id='line_1_13' title="bbox 745 1131 2028 1186; baseline -0.004 -11"><span class='ocrx_word' id='word_1_67' title='bbox 745 1135 858 1175; x_wconf 84' lang='lat' dir='ltr'>Sunt</span> <span class='ocrx_word' id='word_1_68' title='bbox 882 1134 1084 1176; x_wconf 92' lang='lat' dir='ltr'>volucres</span> <span class='ocrx_word' id='word_1_69' title='bbox 1107 1132 1249 1182; x_wconf 91' lang='lat' dir='ltr'>nobis,</span> <span class='ocrx_word' id='word_1_70' title='bbox 1274 1146 1386 1186; x_wconf 90' lang='lat' dir='ltr'>quae</span> <span class='ocrx_word' id='word_1_71' title='bbox 1413 1131 1585 1173; x_wconf 89' lang='lat' dir='ltr'>findant</span> <span class='ocrx_word' id='word_1_72' title='bbox 1609 1144 1818 1184; x_wconf 90' lang='lat' dir='ltr'>aequora,</span> <span class='ocrx_word' id='word_1_73' title='bbox 1843 1144 2028 1184; x_wconf 90' lang='lat' dir='ltr'>puppes,</span> 
     </span>
     <span class='ocr_line' id='line_1_14' title="bbox 805 1199 1773 1258; baseline -0.005 -13"><span class='ocrx_word' id='word_1_74' title='bbox 805 1205 863 1245; x_wconf 89' lang='lat' dir='ltr'>Et</span> <span class='ocrx_word' id='word_1_75' title='bbox 887 1203 1053 1258; x_wconf 82' lang='lat' dir='ltr'>rapidis</span> <span class='ocrx_word' id='word_1_76' title='bbox 1075 1202 1272 1252; x_wconf 84' lang='lat' dir='ltr'>ferimur,</span> <span class='ocrx_word' id='word_1_77' title='bbox 1296 1215 1382 1255; x_wconf 92' lang='lat' dir='ltr'>quo</span> <span class='ocrx_word' id='word_1_78' title='bbox 1405 1201 1526 1243; x_wconf 88' lang='lat' dir='ltr'>lubet</span> <span class='ocrx_word' id='word_1_79' title='bbox 1549 1199 1625 1250; x_wconf 91' lang='lat' dir='ltr'>ire,</span> <span class='ocrx_word' id='word_1_80' title='bbox 1650 1199 1773 1241; x_wconf 89' lang='lat' dir='ltr'>rotis.</span> 
     </span>
    </p>

    <p class='ocr_par' dir='ltr' id='par_1_9' title="bbox 745 1271 1858 1397">
     <span class='ocr_line' id='line_1_15' title="bbox 745 1271 1858 1326; baseline -0.005 -11"><span class='ocrx_word' id='word_1_81' title='bbox 745 1274 894 1315; x_wconf 88' lang='lat' dir='ltr'>Ardua</span> <span class='ocrx_word' id='word_1_82' title='bbox 917 1287 997 1314; x_wconf 91' lang='lat' dir='ltr'>nec</span> <span class='ocrx_word' id='word_1_83' title='bbox 1020 1271 1174 1326; x_wconf 90' lang='lat' dir='ltr'>pingui</span> <span class='ocrx_word' id='word_1_84' title='bbox 1201 1285 1271 1312; x_wconf 91' lang='lat' dir='ltr'>res</span> <span class='ocrx_word' id='word_1_85' title='bbox 1293 1276 1428 1320; x_wconf 89' lang='lat' dir='ltr'>esset,</span> <span class='ocrx_word' id='word_1_86' title='bbox 1452 1283 1615 1324; x_wconf 91' lang='lat' dir='ltr'>ponere</span> <span class='ocrx_word' id='word_1_87' title='bbox 1641 1274 1858 1318; x_wconf 86' lang='lat' dir='ltr'>ventrem,</span> 
     </span>
     <span class='ocr_line' id='line_1_16' title="bbox 807 1339 1816 1397; baseline -0.006 -14"><span class='ocrx_word' id='word_1_88' title='bbox 807 1340 1031 1397; x_wconf 86' lang='lat' dir='ltr'>Quidquid</span> <span class='ocrx_word' id='word_1_89' title='bbox 1054 1346 1096 1382; x_wconf 92' lang='lat' dir='ltr'>et</span> <span class='ocrx_word' id='word_1_90' title='bbox 1120 1339 1311 1393; x_wconf 89' lang='lat' dir='ltr'>inceptis</span> <span class='ocrx_word' id='word_1_91' title='bbox 1333 1352 1463 1392; x_wconf 90' lang='lat' dir='ltr'>posse</span> <span class='ocrx_word' id='word_1_92' title='bbox 1486 1351 1645 1379; x_wconf 90' lang='lat' dir='ltr'>nocere</span> <span class='ocrx_word' id='word_1_93' title='bbox 1668 1343 1816 1391; x_wconf 89' lang='lat' dir='ltr'>putas.</span> 
     </span>
    </p>

    <p class='ocr_par' dir='ltr' id='par_1_10' title="bbox 748 1404 1916 1533">
     <span class='ocr_line' id='line_1_17' title="bbox 748 1404 1916 1464; baseline -0.005 -12"><span class='ocrx_word' id='word_1_94' title='bbox 748 1410 912 1452; x_wconf 89' lang='lat' dir='ltr'>Omnia</span> <span class='ocrx_word' id='word_1_95' title='bbox 935 1409 1008 1464; x_wconf 91' lang='lat' dir='ltr'>qui</span> <span class='ocrx_word' id='word_1_96' title='bbox 1031 1410 1214 1451; x_wconf 90' lang='lat' dir='ltr'>tandem</span> <span class='ocrx_word' id='word_1_97' title='bbox 1238 1407 1390 1457; x_wconf 84' lang='lat' dir='ltr'>vincit,</span> <span class='ocrx_word' id='word_1_98' title='bbox 1414 1407 1539 1449; x_wconf 91' lang='lat' dir='ltr'>labor</span> <span class='ocrx_word' id='word_1_99' title='bbox 1561 1405 1805 1460; x_wconf 87' lang='lat' dir='ltr'>improbus,</span> <span class='ocrx_word' id='word_1_100' title='bbox 1830 1404 1916 1447; x_wconf 91' lang='lat' dir='ltr'>alvi</span> 
     </span>
     <span class='ocr_line' id='line_1_18' title="bbox 807 1475 1830 1533; baseline -0.006 -12"><span class='ocrx_word' id='word_1_101' title='bbox 807 1479 1033 1533; x_wconf 87' lang='lat' dir='ltr'>Stringere</span> <span class='ocrx_word' id='word_1_102' title='bbox 1057 1476 1274 1519; x_wconf 82' lang='lat' dir='ltr'>luxuriem</span> <span class='ocrx_word' id='word_1_103' title='bbox 1299 1483 1464 1531; x_wconf 86' lang='lat' dir='ltr'>posset,</span> <span class='ocrx_word' id='word_1_104' title='bbox 1489 1482 1531 1517; x_wconf 90' lang='lat' dir='ltr'>et</span> <span class='ocrx_word' id='word_1_105' title='bbox 1555 1482 1651 1517; x_wconf 84' lang='lat' dir='ltr'>atra</span> <span class='ocrx_word' id='word_1_106' title='bbox 1674 1475 1830 1516; x_wconf 82' lang='lat' dir='ltr'>fames,</span> 
     </span>
    </p>

    <p class='ocr_par' dir='ltr' id='par_1_11' title="bbox 751 1544 1836 1670">
     <span class='ocr_line' id='line_1_19' title="bbox 751 1544 1836 1603; baseline -0.006 -12"><span class='ocrx_word' id='word_1_107' title='bbox 751 1550 869 1591; x_wconf 93' lang='lat' dir='ltr'>Hinc</span> <span class='ocrx_word' id='word_1_108' title='bbox 893 1563 1035 1603; x_wconf 92' lang='lat' dir='ltr'>neque</span> <span class='ocrx_word' id='word_1_109' title='bbox 1059 1547 1263 1590; x_wconf 92' lang='lat' dir='ltr'>mendico</span> <span class='ocrx_word' id='word_1_110' title='bbox 1285 1552 1440 1588; x_wconf 86' lang='lat' dir='ltr'>venter</span> <span class='ocrx_word' id='word_1_111' title='bbox 1461 1547 1718 1600; x_wconf 84' lang='lat' dir='ltr'>protuberat</span> <span class='ocrx_word' id='word_1_112' title='bbox 1743 1544 1836 1595; x_wconf 90' lang='lat' dir='ltr'>ulli,</span> 
     </span>
     <span class='ocr_line' id='line_1_20' title="bbox 807 1613 1725 1670; baseline -0.004 -11"><span class='ocrx_word' id='word_1_113' title='bbox 807 1619 974 1659; x_wconf 91' lang='lat' dir='ltr'>Ventre</span> <span class='ocrx_word' id='word_1_114' title='bbox 997 1631 1077 1658; x_wconf 92' lang='lat' dir='ltr'>nec</span> <span class='ocrx_word' id='word_1_115' title='bbox 1101 1622 1300 1670; x_wconf 87' lang='lat' dir='ltr'>agrestes</span> <span class='ocrx_word' id='word_1_116' title='bbox 1321 1614 1563 1669; x_wconf 89' lang='lat' dir='ltr'>turgidiore</span> <span class='ocrx_word' id='word_1_117' title='bbox 1585 1613 1725 1655; x_wconf 88' lang='lat' dir='ltr'>vides.</span> 
     </span>
    </p>

    <p class='ocr_par' dir='ltr' id='par_1_12' title="bbox 753 1681 1948 1810">
     <span class='ocr_line' id='line_1_21' title="bbox 753 1681 1948 1739; baseline -0.005 -10"><span class='ocrx_word' id='word_1_118' title='bbox 753 1687 919 1729; x_wconf 86' lang='lat' dir='ltr'>Durius</span> <span class='ocrx_word' id='word_1_119' title='bbox 942 1694 985 1729; x_wconf 88' lang='lat' dir='ltr'>at</span> <span class='ocrx_word' id='word_1_120' title='bbox 1009 1687 1161 1728; x_wconf 90' lang='lat' dir='ltr'>morbo</span> <span class='ocrx_word' id='word_1_121' title='bbox 1185 1691 1266 1735; x_wconf 90' lang='lat' dir='ltr'>est,</span> <span class='ocrx_word' id='word_1_122' title='bbox 1290 1684 1471 1739; x_wconf 91' lang='lat' dir='ltr'>genium</span> <span class='ocrx_word' id='word_1_123' title='bbox 1495 1683 1557 1725; x_wconf 88' lang='lat' dir='ltr'>sic</span> <span class='ocrx_word' id='word_1_124' title='bbox 1581 1683 1800 1737; x_wconf 90' lang='lat' dir='ltr'>plectere;</span> <span class='ocrx_word' id='word_1_125' title='bbox 1833 1681 1948 1723; x_wconf 90' lang='lat' dir='ltr'>tanti</span> 
     </span>
     <span class='ocr_line' id='line_1_22' title="bbox 810 1753 1925 1810; baseline -0.005 -12"><span class='ocrx_word' id='word_1_126' title='bbox 810 1756 1071 1810; x_wconf 84' lang='lat' dir='ltr'>Squalorem</span> <span class='ocrx_word' id='word_1_127' title='bbox 1095 1762 1137 1796; x_wconf 93' lang='lat' dir='ltr'>et</span> <span class='ocrx_word' id='word_1_128' title='bbox 1161 1754 1366 1804; x_wconf 90' lang='lat' dir='ltr'>maciem,</span> <span class='ocrx_word' id='word_1_129' title='bbox 1389 1753 1463 1795; x_wconf 79' lang='lat' dir='ltr'>vix</span> <span class='ocrx_word' id='word_1_130' title='bbox 1485 1760 1608 1807; x_wconf 90' lang='lat' dir='ltr'>put0,</span> <span class='ocrx_word' id='word_1_131' title='bbox 1633 1766 1769 1794; x_wconf 91' lang='lat' dir='ltr'>sanus</span> <span class='ocrx_word' id='word_1_132' title='bbox 1792 1757 1925 1793; x_wconf 91' lang='lat' dir='ltr'>emet.</span> 
     </span>
    </p>

    <p class='ocr_par' dir='ltr' id='par_1_13' title="bbox 753 1821 1885 1952">
     <span class='ocr_line' id='line_1_23' title="bbox 753 1821 1885 1880; baseline -0.006 -12"><span class='ocrx_word' id='word_1_133' title='bbox 753 1828 838 1868; x_wconf 87' lang='lat' dir='ltr'>Sed</span> <span class='ocrx_word' id='word_1_134' title='bbox 862 1840 1005 1880; x_wconf 90' lang='lat' dir='ltr'>neque</span> <span class='ocrx_word' id='word_1_135' title='bbox 1027 1831 1076 1866; x_wconf 92' lang='lat' dir='ltr'>tu</span> <span class='ocrx_word' id='word_1_136' title='bbox 1101 1824 1239 1878; x_wconf 86' lang='lat' dir='ltr'>mergi</span> <span class='ocrx_word' id='word_1_137' title='bbox 1262 1823 1390 1865; x_wconf 90' lang='lat' dir='ltr'>nobis</span> <span class='ocrx_word' id='word_1_138' title='bbox 1413 1821 1649 1865; x_wconf 88' lang='lat' dir='ltr'>abdomine</span> <span class='ocrx_word' id='word_1_139' title='bbox 1673 1826 1885 1870; x_wconf 88' lang='lat' dir='ltr'>mentem,</span> 
     </span>
     <span class='ocr_line' id='line_1_24' title="bbox 812 1895 1867 1952; baseline -0.005 -13"><span class='ocrx_word' id='word_1_140' title='bbox 812 1898 980 1952; x_wconf 85' lang='lat' dir='ltr'>Pingue</span> <span class='ocrx_word' id='word_1_141' title='bbox 1003 1912 1083 1939; x_wconf 93' lang='lat' dir='ltr'>nec</span> <span class='ocrx_word' id='word_1_142' title='bbox 1107 1896 1335 1951; x_wconf 85' lang='lat' dir='ltr'>ingenium</span> <span class='ocrx_word' id='word_1_143' title='bbox 1360 1895 1600 1950; x_wconf 90' lang='lat' dir='ltr'>pinguibus</span> <span class='ocrx_word' id='word_1_144' title='bbox 1622 1907 1720 1935; x_wconf 88' lang='lat' dir='ltr'>esse</span> <span class='ocrx_word' id='word_1_145' title='bbox 1744 1899 1867 1947; x_wconf 88' lang='lat' dir='ltr'>puta.</span> 
     </span>
    </p>

    <p class='ocr_par' dir='ltr' id='par_1_14' title="bbox 755 1961 1863 2082">
     <span class='ocr_line' id='line_1_25' title="bbox 755 1961 1863 2023; baseline -0.006 -14"><span class='ocrx_word' id='word_1_146' title='bbox 755 1968 865 2023; x_wconf 91' lang='lat' dir='ltr'>Quis</span> <span class='ocrx_word' id='word_1_147' title='bbox 887 1974 1018 2021; x_wconf 91' lang='lat' dir='ltr'>neget</span> <span class='ocrx_word' id='word_1_148' title='bbox 1042 1965 1220 2020; x_wconf 86' lang='lat' dir='ltr'>ingenio</span> <span class='ocrx_word' id='word_1_149' title='bbox 1248 1965 1440 2007; x_wconf 88' lang='lat' dir='ltr'>Galbam</span> <span class='ocrx_word' id='word_1_150' title='bbox 1468 1963 1656 2006; x_wconf 88' lang='lat' dir='ltr'>cessisse</span> <span class='ocrx_word' id='word_1_151' title='bbox 1680 1961 1863 2012; x_wconf 90' lang='lat' dir='ltr'>Neroni,</span> 
     </span>
     <span class='ocr_line' id='line_1_26' title="bbox 811 2032 1790 2082; baseline -0.007 -4"><span class='ocrx_word' id='word_1_152' title='bbox 811 2038 1060 2078; x_wconf 89' lang='lat' dir='ltr'>Ventrosus</span> <span class='ocrx_word' id='word_1_153' title='bbox 1081 2042 1233 2077; x_wconf 89' lang='lat' dir='ltr'>tamen</span> <span class='ocrx_word' id='word_1_154' title='bbox 1257 2033 1329 2075; x_wconf 93' lang='lat' dir='ltr'>hic</span> <span class='ocrx_word' id='word_1_155' title='bbox 1352 2032 1507 2082; x_wconf 89' lang='lat' dir='ltr'>audiit,</span> <span class='ocrx_word' id='word_1_156' title='bbox 1531 2032 1604 2073; x_wconf 92' lang='lat' dir='ltr'>ille</span> <span class='ocrx_word' id='word_1_157' title='bbox 1628 2045 1790 2072; x_wconf 89' lang='lat' dir='ltr'>macer.</span> 
     </span>
    </p>

    <p class='ocr_par' dir='ltr' id='par_1_15' title="bbox 755 2102 1848 2228">
     <span class='ocr_line' id='line_1_27' title="bbox 755 2102 1848 2158; baseline -0.005 -11"><span class='ocrx_word' id='word_1_158' title='bbox 755 2105 871 2147; x_wconf 87' lang='lat' dir='ltr'>Vicit</span> <span class='ocrx_word' id='word_1_159' title='bbox 895 2112 937 2146; x_wconf 95' lang='lat' dir='ltr'>et</span> <span class='ocrx_word' id='word_1_160' title='bbox 962 2104 1139 2158; x_wconf 91' lang='lat' dir='ltr'>ingenio</span> <span class='ocrx_word' id='word_1_161' title='bbox 1162 2102 1342 2158; x_wconf 89' lang='lat' dir='ltr'>pinguis</span> <span class='ocrx_word' id='word_1_162' title='bbox 1366 2103 1458 2143; x_wconf 91' lang='lat' dir='ltr'>Leo</span> <span class='ocrx_word' id='word_1_163' title='bbox 1483 2102 1679 2154; x_wconf 87' lang='lat' dir='ltr'>Cecrope</span> <span class='ocrx_word' id='word_1_164' title='bbox 1702 2106 1848 2149; x_wconf 86' lang='lat' dir='ltr'>natos,</span> 
     </span>
     <span class='ocr_line' id='line_1_28' title="bbox 812 2170 1782 2228; baseline -0.006 -12"><span class='ocrx_word' id='word_1_165' title='bbox 812 2175 925 2216; x_wconf 90' lang='lat' dir='ltr'>Cum</span> <span class='ocrx_word' id='word_1_166' title='bbox 950 2173 1101 2228; x_wconf 83' lang='lat' dir='ltr'>populi</span> <span class='ocrx_word' id='word_1_167' title='bbox 1124 2178 1298 2214; x_wconf 88' lang='lat' dir='ltr'>mentes</span> <span class='ocrx_word' id='word_1_168' title='bbox 1321 2170 1479 2213; x_wconf 89' lang='lat' dir='ltr'>molliit</span> <span class='ocrx_word' id='word_1_169' title='bbox 1502 2176 1597 2213; x_wconf 90' lang='lat' dir='ltr'>arte</span> <span class='ocrx_word' id='word_1_170' title='bbox 1619 2176 1782 2211; x_wconf 89' lang='lat' dir='ltr'>truces.</span> 
     </span>
    </p>

    <p class='ocr_par' dir='ltr' id='par_1_16' title="bbox 755 2237 2032 2364">
     <span class='ocr_line' id='line_1_29' title="bbox 755 2237 2032 2300; baseline -0.006 -14"><span class='ocrx_word' id='word_1_171' title='bbox 755 2246 880 2300; x_wconf 85' lang='lat' dir='ltr'>Quae</span> <span class='ocrx_word' id='word_1_172' title='bbox 902 2244 1019 2286; x_wconf 78' lang='lat' dir='ltr'>favet</span> <span class='ocrx_word' id='word_1_173' title='bbox 1043 2242 1248 2298; x_wconf 82' lang='lat' dir='ltr'>ingeniiS,</span> <span class='ocrx_word' id='word_1_174' title='bbox 1273 2248 1430 2284; x_wconf 89' lang='lat' dir='ltr'>auctor</span> <span class='ocrx_word' id='word_1_175' title='bbox 1453 2241 1551 2283; x_wconf 88' lang='lat' dir='ltr'>Dea</span> <span class='ocrx_word' id='word_1_176' title='bbox 1573 2239 1751 2294; x_wconf 88' lang='lat' dir='ltr'>pinguis</span> <span class='ocrx_word' id='word_1_177' title='bbox 1774 2237 1916 2280; x_wconf 90' lang='lat' dir='ltr'>olivae</span> <span class='ocrx_word' id='word_1_178' title='bbox 1939 2244 2032 2287; x_wconf 85' lang='lat' dir='ltr'>est;</span> 
     </span>
     <span class='ocr_line' id='line_1_30' title="bbox 815 2308 1770 2364; baseline -0.006 -9"><span class='ocrx_word' id='word_1_179' title='bbox 815 2314 997 2355; x_wconf 85' lang='lat' dir='ltr'>Fallor?</span> <span class='ocrx_word' id='word_1_180' title='bbox 1032 2327 1087 2354; x_wconf 90' lang='lat' dir='ltr'>an</span> <span class='ocrx_word' id='word_1_181' title='bbox 1111 2325 1322 2354; x_wconf 87' lang='lat' dir='ltr'>exsuccos</span> <span class='ocrx_word' id='word_1_182' title='bbox 1345 2309 1500 2364; x_wconf 90' lang='lat' dir='ltr'>diligat</span> <span class='ocrx_word' id='word_1_183' title='bbox 1523 2309 1599 2351; x_wconf 93' lang='lat' dir='ltr'>illa</span> <span class='ocrx_word' id='word_1_184' title='bbox 1621 2308 1770 2350; x_wconf 87' lang='lat' dir='ltr'>viros?</span> 
     </span>
    </p>

    <p class='ocr_par' dir='ltr' id='par_1_17' title="bbox 756 2376 1926 2505">
     <span class='ocr_line' id='line_1_31' title="bbox 756 2376 1838 2438; baseline -0.006 -14"><span class='ocrx_word' id='word_1_185' title='bbox 756 2383 841 2438; x_wconf 88' lang='lat' dir='ltr'>Qui</span> <span class='ocrx_word' id='word_1_186' title='bbox 866 2396 1014 2424; x_wconf 87' lang='lat' dir='ltr'>macer</span> <span class='ocrx_word' id='word_1_187' title='bbox 1036 2388 1118 2431; x_wconf 88' lang='lat' dir='ltr'>est,</span> <span class='ocrx_word' id='word_1_188' title='bbox 1143 2380 1282 2422; x_wconf 88' lang='lat' dir='ltr'>iactat</span> <span class='ocrx_word' id='word_1_189' title='bbox 1305 2379 1446 2422; x_wconf 89' lang='lat' dir='ltr'>vires:</span> <span class='ocrx_word' id='word_1_190' title='bbox 1481 2380 1536 2421; x_wconf 93' lang='lat' dir='ltr'>ad</span> <span class='ocrx_word' id='word_1_191' title='bbox 1558 2377 1689 2420; x_wconf 88' lang='lat' dir='ltr'>fortia</span> <span class='ocrx_word' id='word_1_192' title='bbox 1711 2376 1838 2419; x_wconf 86' lang='lat' dir='ltr'>fortis</span> 
     </span>
     <span class='ocr_line' id='line_1_32' title="bbox 816 2446 1926 2505; baseline -0.006 -12"><span class='ocrx_word' id='word_1_193' title='bbox 816 2453 936 2505; x_wconf 88' lang='lat' dir='ltr'>Ergo</span> <span class='ocrx_word' id='word_1_194' title='bbox 959 2457 1046 2500; x_wconf 89' lang='lat' dir='ltr'>eat,</span> <span class='ocrx_word' id='word_1_195' title='bbox 1071 2456 1113 2491; x_wconf 90' lang='lat' dir='ltr'>et</span> <span class='ocrx_word' id='word_1_196' title='bbox 1136 2448 1327 2503; x_wconf 88' lang='lat' dir='ltr'>patriam</span> <span class='ocrx_word' id='word_1_197' title='bbox 1354 2462 1532 2490; x_wconf 91' lang='lat' dir='ltr'>vomere</span> <span class='ocrx_word' id='word_1_198' title='bbox 1555 2453 1699 2489; x_wconf 88' lang='lat' dir='ltr'>verset</span> <span class='ocrx_word' id='word_1_199' title='bbox 1722 2446 1926 2487; x_wconf 88' lang='lat' dir='ltr'>humum.</span> 
     </span>
    </p>

    <p class='ocr_par' dir='ltr' id='par_1_18' title="bbox 760 2514 1802 2642">
     <span class='ocr_line' id='line_1_33' title="bbox 760 2514 1802 2568; baseline -0.006 -6"><span class='ocrx_word' id='word_1_200' title='bbox 760 2522 937 2562; x_wconf 86' lang='lat' dir='ltr'>Robora</span> <span class='ocrx_word' id='word_1_201' title='bbox 959 2519 1027 2561; x_wconf 92' lang='lat' dir='ltr'>vel</span> <span class='ocrx_word' id='word_1_202' title='bbox 1052 2518 1189 2568; x_wconf 80' lang='lat' dir='ltr'>silvis,</span> <span class='ocrx_word' id='word_1_203' title='bbox 1213 2518 1282 2560; x_wconf 87' lang='lat' dir='ltr'>vel</span> <span class='ocrx_word' id='word_1_204' title='bbox 1306 2517 1452 2560; x_wconf 88' lang='lat' dir='ltr'>caecis</span> <span class='ocrx_word' id='word_1_205' title='bbox 1475 2531 1578 2559; x_wconf 88' lang='lat' dir='ltr'>aera</span> <span class='ocrx_word' id='word_1_206' title='bbox 1600 2514 1802 2558; x_wconf 91' lang='lat' dir='ltr'>cavernis</span> 
     </span>
     <span class='ocr_line' id='line_1_34' title="bbox 819 2586 1787 2642; baseline -0.005 -11"><span class='ocrx_word' id='word_1_207' title='bbox 819 2591 973 2639; x_wconf 86' lang='lat' dir='ltr'>Eruat,</span> <span class='ocrx_word' id='word_1_208' title='bbox 995 2601 1238 2642; x_wconf 87' lang='lat' dir='ltr'>aequoreas</span> <span class='ocrx_word' id='word_1_209' title='bbox 1259 2586 1328 2628; x_wconf 90' lang='lat' dir='ltr'>vel</span> <span class='ocrx_word' id='word_1_210' title='bbox 1351 2592 1446 2628; x_wconf 87' lang='lat' dir='ltr'>rate</span> <span class='ocrx_word' id='word_1_211' title='bbox 1469 2586 1608 2627; x_wconf 88' lang='lat' dir='ltr'>findat</span> <span class='ocrx_word' id='word_1_212' title='bbox 1632 2599 1787 2639; x_wconf 89' lang='lat' dir='ltr'>aquas.</span> 
     </span>
    </p>
   </div>
   <div class='ocr_carea' id='block_1_4' title="bbox 699 2653 1915 2706">
    <p class='ocr_par' dir='ltr' id='par_1_19' title="bbox 699 2653 1915 2706">
     <span class='ocr_line' id='line_1_35' title="bbox 699 2653 1915 2706; baseline -0.007 -5"><span class='ocrx_word' id='word_1_213' title='bbox 699 2667 707 2674; x_wconf 88' lang='lat'>&#39;</span> <span class='ocrx_word' id='word_1_214' title='bbox 762 2658 955 2701; x_wconf 85' lang='lat' dir='ltr'>Brachia</span> <span class='ocrx_word' id='word_1_215' title='bbox 978 2659 1049 2700; x_wconf 91' lang='lat' dir='ltr'>det</span> <span class='ocrx_word' id='word_1_216' title='bbox 1074 2657 1235 2706; x_wconf 88' lang='lat' dir='ltr'>luctae,</span> <span class='ocrx_word' id='word_1_217' title='bbox 1259 2655 1430 2698; x_wconf 87' lang='lat' dir='ltr'>validos</span> <span class='ocrx_word' id='word_1_218' title='bbox 1451 2655 1518 2697; x_wconf 94' lang='lat' dir='ltr'>vel</span> <span class='ocrx_word' id='word_1_219' title='bbox 1543 2653 1769 2697; x_wconf 87' lang='lat' dir='ltr'>caestibus</span> <span class='ocrx_word' id='word_1_220' title='bbox 1791 2659 1915 2695; x_wconf 92' lang='lat' dir='ltr'>artus</span> 
     </span>
    </p>
   </div>
   <div class='ocr_carea' id='block_1_5' title="bbox 591 2884 758 2916">
    <p class='ocr_par' dir='ltr' id='par_1_20' title="bbox 591 2884 758 2916">
     <span class='ocr_line' id='line_1_36' title="bbox 591 2884 758 2916; baseline 0 -1"><span class='ocrx_word' id='word_1_221' title='bbox 591 2884 711 2916; x_wconf 75' lang='lat' dir='ltr'>inoved</span> <span class='ocrx_word' id='word_1_222' title='bbox 727 2886 758 2915; x_wconf 86' lang='grc'>”.</span> 
     </span>
    </p>
   </div>
   <div class='ocr_carea' id='block_1_6' title="bbox 706 2936 1326 2980">
    <p class='ocr_par' dir='ltr' id='par_1_21' title="bbox 706 2936 1326 2980">
     <span class='ocr_line' id='line_1_37' title="bbox 706 2936 1326 2980; baseline -0.003 -11"><span class='ocrx_word' id='word_1_223' title='bbox 706 2941 757 2979; x_wconf 75' lang='grc' dir='ltr'>ὅ5.</span> <span class='ocrx_word' id='word_1_224' title='bbox 785 2938 924 2980; x_wconf 87' lang='lat' dir='ltr'>Pinguis</span> <span class='ocrx_word' id='word_1_225' title='bbox 942 2938 1041 2978; x_wconf 87' lang='lat' dir='ltr'>Leo.]</span> <span class='ocrx_word' id='word_1_226' title='bbox 1088 2937 1179 2979; x_wconf 88' lang='lat' dir='ltr'>Pope</span> <span class='ocrx_word' id='word_1_227' title='bbox 1197 2936 1268 2967; x_wconf 84' lang='lat' dir='ltr'>Leo</span> <span class='ocrx_word' id='word_1_228' title='bbox 1284 2937 1326 2969; x_wconf 91' lang='lat' dir='ltr'>X.</span> 
     </span>
    </p>
   </div>
   <div class='ocr_carea' id='block_1_7' title="bbox 2319 1073 2375 1115">
    <p class='ocr_par' dir='ltr' id='par_1_22' title="bbox 2319 1073 2375 1115">
     <span class='ocr_line' id='line_1_38' title="bbox 2319 1073 2375 1115; baseline 0 -12"><span class='ocrx_word' id='word_1_229' title='bbox 2319 1073 2375 1115; x_wconf 89' lang='lat'>70</span> 
     </span>
    </p>
   </div>
   <div class='ocr_carea' id='block_1_8' title="bbox 2327 1751 2380 1792">
    <p class='ocr_par' dir='ltr' id='par_1_23' title="bbox 2327 1751 2380 1792">
     <span class='ocr_line' id='line_1_39' title="bbox 2327 1751 2380 1792; baseline 0 0"><span class='ocrx_word' id='word_1_230' title='bbox 2327 1751 2380 1792; x_wconf 86' lang='lat'>80</span> 
     </span>
    </p>
   </div>
   <div class='ocr_carea' id='block_1_9' title="bbox 2333 2455 2388 2497">
    <p class='ocr_par' dir='ltr' id='par_1_24' title="bbox 2333 2455 2388 2497">
     <span class='ocr_line' id='line_1_40' title="bbox 2333 2455 2388 2497; baseline 0 -13"><span class='ocrx_word' id='word_1_231' title='bbox 2333 2455 2388 2497; x_wconf 82' lang='grc'>90</span> 
     </span>
    </p>
   </div>
   <div class='ocr_carea' id='block_1_10' title="bbox 703 2820 2390 2870">
    <p class='ocr_par' dir='ltr' id='par_1_25' title="bbox 703 2820 2390 2870">
     <span class='ocr_line' id='line_1_41' title="bbox 703 2820 2390 2870; baseline -0.007 -9"><span class='ocrx_word' id='word_1_232' title='bbox 703 2832 755 2870; x_wconf 86' lang='lat'>65.</span> <span class='ocrx_word' id='word_1_233' title='bbox 782 2829 969 2861; x_wconf 88' lang='lat' dir='ltr'>Immobilis</span> <span class='ocrx_word' id='word_1_234' title='bbox 994 2829 1074 2868; x_wconf 87' lang='lat' dir='ltr'>ille.]</span> <span class='ocrx_word' id='word_1_235' title='bbox 1120 2826 1341 2859; x_wconf 85' lang='lat' dir='ltr'>Aristotelian</span> <span class='ocrx_word' id='word_1_236' title='bbox 1367 2825 1531 2867; x_wconf 88' lang='lat' dir='ltr'>principle</span> <span class='ocrx_word' id='word_1_237' title='bbox 1555 2825 1665 2856; x_wconf 90' lang='lat' dir='ltr'>“The</span> <span class='ocrx_word' id='word_1_238' title='bbox 1694 2824 1843 2856; x_wconf 86' lang='lat' dir='ltr'>Primum</span> <span class='ocrx_word' id='word_1_239' title='bbox 1873 2822 2001 2855; x_wconf 89' lang='lat' dir='ltr'>Mobile</span> <span class='ocrx_word' id='word_1_240' title='bbox 2029 2827 2119 2853; x_wconf 81' lang='lat' dir='ltr'>must</span> <span class='ocrx_word' id='word_1_241' title='bbox 2146 2821 2188 2853; x_wconf 90' lang='lat' dir='ltr'>be</span> <span class='ocrx_word' id='word_1_242' title='bbox 2216 2820 2310 2852; x_wconf 84' lang='lat' dir='ltr'>itself</span> <span class='ocrx_word' id='word_1_243' title='bbox 2332 2830 2390 2851; x_wconf 88' lang='lat' dir='ltr'>un-</span> 
     </span>
    </p>
   </div>
   <div class='ocr_carea' id='block_1_11' title="bbox 2541 507 2553 2012">
    <p class='ocr_par' dir='ltr' id='par_1_26' title="bbox 2541 507 2553 2012">
     <span class='ocr_line' id='line_1_42' title="bbox 2541 507 2553 2012; baseline 0 0"><span class='ocrx_word' id='word_1_244' title='bbox 2541 507 2553 2012; x_wconf 95' lang='lat' dir='ltr'> </span> 
     </span>
    </p>
   </div>
   <div class='ocr_carea' id='block_1_12' title="bbox 2543 507 2560 3459">
    <p class='ocr_par' dir='ltr' id='par_1_27' title="bbox 2543 507 2560 3459">
     <span class='ocr_line' id='line_1_43' title="bbox 2543 507 2560 3459; baseline 0 0"><span class='ocrx_word' id='word_1_245' title='bbox 2543 507 2560 3459; x_wconf 95' lang='lat' dir='ltr'> </span> 
     </span>
    </p>
   </div>
  </div>
 </body>
</html>
