2594 3749
671 345 752 391 170
1449 341 1691 374 PARERGA.

708 899 880 941 XXVI.
913 899 996 941 AD
1032 898 1364 942 PONTICUM
1402 898 1724 948 MEDICUM,
1761 897 1847 941 UT
1882 896 2154 940 UXOREM
2190 895 2419 939 DUCAT.

840 1037 960 1091 Ergo
986 1035 1281 1078 Machaoniae
1303 1035 1377 1077 lux
1401 1041 1442 1077 et
1466 1049 1568 1089 pars
1590 1035 1760 1089 optima
1783 1034 1943 1088 gentis,

895 1105 1048 1147 Canus
1071 1105 1216 1146 adhuc
1239 1104 1399 1154 nescis,
1427 1103 1623 1153 Pontice,
1648 1103 1752 1157 quid
1775 1103 1831 1145 sit
1855 1103 2012 1145 amor?

837 1173 965 1215 Tune
987 1181 1114 1228 potes
1137 1173 1281 1215 succis
1302 1172 1440 1214 vitam
1464 1174 1718 1226 producere,
1743 1186 1922 1226 pessum

896 1242 982 1297 Qui
1006 1241 1114 1283 sinis
1138 1241 1400 1290 humanum,
1426 1255 1503 1295 pro
1527 1242 1681 1295 pudor,
1705 1240 1766 1282 ire
1789 1240 1962 1294 genus?

840 1311 981 1353 Crede
1004 1310 1128 1360 mihi,
1153 1310 1340 1352 mortale
1363 1324 1505 1363 genus
1529 1309 1660 1351 simul
1684 1323 1815 1351 omne
1838 1309 2014 1363 periret,

897 1379 943 1421 Si
966 1379 1069 1421 velit
1094 1379 1296 1433 exemplo
1319 1379 1466 1420 vivere
1491 1378 1677 1433 quisque
1699 1385 1792 1420 tuo.

841 1448 977 1490 Nulla
1000 1448 1124 1489 vides
1146 1447 1291 1497 hodie,
1316 1447 1447 1489 iactis
1470 1454 1569 1502 post
1592 1454 1717 1501 terga
1740 1447 1917 1501 lapillis,

897 1516 1034 1558 Nulla
1058 1517 1326 1558 Prometheo
1349 1530 1533 1570 corpora
1555 1516 1673 1558 facta
1697 1516 1804 1557 luto.
2589 1505 2594 1555 l

841 1586 928 1627 Sed
952 1600 1094 1640 neque
1120 1585 1452 1639 Myrmidonum
1476 1585 1678 1639 populos,
1703 1599 1784 1626 nec
1810 1585 1951 1626 ferrea
1977 1583 2122 1626 cernis
2587 1568 2592 1623 l

896 1654 1101 1708 Agmina,
1127 1668 1238 1708 quae
1263 1654 1421 1696 Cadmi
1444 1660 1644 1708 tempore
1666 1653 1778 1695 fudit
1801 1653 1979 1694 humus.
2416 1665 2467 1694 10

840 1723 1006 1765 Nubila
1028 1723 1116 1765 iam
1140 1723 1312 1764 nullum
1337 1723 1530 1777 pariunt,
1555 1723 1622 1764 vel
1646 1725 1818 1772 robora,
1843 1722 1952 1764 nulli

898 1793 1090 1846 Pignora
1112 1793 1220 1834 dant
1243 1792 1361 1834 caesi
1384 1798 1509 1846 terga
1534 1791 1709 1846 sepulta
1731 1791 1868 1833 bovis.

839 1861 967 1903 Clam
994 1862 1097 1903 Iove
1120 1861 1324 1915 concepit
1349 1861 1512 1902 sterilis
1537 1861 1761 1911 Saturnia,
1784 1866 1906 1902 tacto

898 1930 1042 1980 Flore,
1068 1932 1143 1971 sed
1166 1930 1249 1971 hoc
1273 1937 1398 1971 aetas
1421 1930 1580 1971 ultima
1605 1930 1709 1971 flore
1733 1936 1867 1971 caret.

842 1999 904 2041 Ut
927 2013 1067 2052 genus
1092 1999 1234 2053 Iapeti
1257 2013 1449 2052 repares,
1474 2013 1546 2040 ars
1569 2013 1656 2039 una
1678 1998 1831 2039 relicta
1854 2004 1946 2043 est:
2541 2025 2544 2053 3
2569 2031 2585 2055 .-

898 2068 1118 2122 Quicquid
1142 2067 1305 2121 ubique
1328 2067 1465 2117 vides,
1491 2067 1680 2108 sustinet
1704 2081 1793 2108 una
1817 2068 1984 2108 Venus,
2574 2081 2584 2120 ,ι’

841 2137 940 2177 Hac
964 2136 1058 2177 sine
1081 2143 1198 2177 terra
1220 2136 1338 2185 feris,
1363 2135 1556 2177 caritura
1578 2135 1830 2177 volucribus
1853 2149 1960 2176 aura
1984 2141 2066 2184 est,

900 2204 1103 2246 Piscibus
1126 2218 1371 2258 aequoreae
1394 2204 1693 2245 destituentur
1714 2218 1870 2258 aquae.

843 2273 943 2314 Hac
967 2273 1076 2323 sine,
1101 2287 1211 2326 quos
1234 2272 1422 2314 colimus
1445 2272 1671 2321 mortales,
1695 2287 1794 2314 rara
1818 2272 2015 2313 Deorum

898 2340 1049 2383 Turba
1070 2341 1196 2390 foret,
1221 2355 1354 2394 quam
1378 2355 1495 2381 nunc
1518 2340 1740 2381 luxuriare
1763 2340 1900 2381 vides.
2413 2352 2466 2381 20

841 2410 953 2466 Quis
977 2424 1111 2459 mare,
1137 2410 1236 2463 quis
1258 2417 1398 2451 terras
1421 2416 1606 2462 regeret,
1634 2410 1879 2463 Manesque
1903 2409 2158 2464 profundos,

900 2477 1101 2532 Coniuge
1125 2479 1346 2520 Saturnus
1368 2477 1412 2517 ni
1436 2477 1646 2518 caluisset
1671 2478 1799 2531 Ope?

844 2547 955 2601 Quis
976 2546 1085 2588 foret
1109 2560 1335 2588 armorum
1359 2560 1553 2600 praeses,
1578 2545 1662 2586 nisi
1686 2552 1828 2586 rector
1851 2545 2030 2600 Olympi

902 2615 1018 2656 Isset
1041 2615 1085 2655 in
1109 2615 1356 2668 amplexus,
1380 2628 1514 2655 aurea
1538 2614 1665 2663 Iuno,
1689 2615 1823 2655 tuos?

845 2683 970 2739 Quis,
994 2683 1078 2724 nisi
1104 2684 1305 2725 Latonae
1329 2682 1470 2724 niveis
1492 2682 1702 2723 iacuisset
1727 2682 1770 2722 in
1794 2682 1926 2732 ulnis,

900 2753 1033 2792 Astra
1056 2765 1132 2805 per
1153 2750 1373 2793 aethereis
1395 2750 1482 2792 iam
1502 2750 1736 2792 veheretur
1758 2750 1916 2804 equis?

918 2898 966 2919 10.
993 2888 1114 2919 Ferrea
1130 2887 1294 2928 agmina]
1340 2887 1414 2918 The
1431 2887 1519 2918 fable
1535 2887 1575 2918 of
1586 2887 1643 2917 the
1660 2886 1792 2927 sowing
1808 2886 1846 2918 of
1858 2886 1916 2918 the
1932 2886 2092 2927 dragon's
2109 2887 2212 2918 teeth.
2522 2907 2525 2927 ,

918 2951 966 2973 12.
992 2942 1091 2973 Caesi
1108 2941 1231 2981 bovis]
1275 2941 1450 2973 Aristaeus
1467 2941 1500 2971 in
1518 2940 1655 2982 Virgil’s
1670 2941 1730 2981 4th
1747 2940 1898 2981 Georgic.
