<?xml version="1.0" encoding="UTF-8"?>
<!DOCTYPE html PUBLIC "-//W3C//DTD XHTML 1.0 Transitional//EN"
    "http://www.w3.org/TR/xhtml1/DTD/xhtml1-transitional.dtd">
<html xmlns="http://www.w3.org/1999/xhtml" xml:lang="en" lang="en">
 <head>
  <title>
</title>
<meta http-equiv="Content-Type" content="text/html;charset=utf-8" />
  <meta name='ocr-system' content='tesseract 3.04.00' />
  <meta name='ocr-capabilities' content='ocr_page ocr_carea ocr_par ocr_line ocrx_word'/>
</head>
<body>
  <div class='ocr_page' id='page_1' title='image "./musalatinaaberdo01gedduoft_0288.png"; bbox 0 0 2594 3749; ppageno 0'>
   <div class='ocr_carea' id='block_1_1' title="bbox 1446 353 1681 385">
    <p class='ocr_par' dir='ltr' id='par_1_1' title="bbox 1446 353 1681 385">
     <span class='ocr_line' id='line_1_1' title="bbox 1446 353 1681 385; baseline -0.004 0"><span class='ocrx_word' id='word_1_1' title='bbox 1446 353 1681 385; x_wconf 88' lang='lat' dir='ltr'>PARERGA.</span> 
     </span>
    </p>
   </div>
   <div class='ocr_carea' id='block_1_2' title="bbox 840 469 2124 2804">
    <p class='ocr_par' dir='ltr' id='par_1_2' title="bbox 840 469 1892 596">
     <span class='ocr_line' id='line_1_2' title="bbox 840 469 1892 527; baseline -0.004 -13"><span class='ocrx_word' id='word_1_2' title='bbox 840 474 945 515; x_wconf 88' lang='lat' dir='ltr'>Arte</span> <span class='ocrx_word' id='word_1_3' title='bbox 968 471 1108 527; x_wconf 90' lang='lat' dir='ltr'>perire</span> <span class='ocrx_word' id='word_1_4' title='bbox 1131 486 1211 514; x_wconf 88' lang='lat' dir='ltr'>sua</span> <span class='ocrx_word' id='word_1_5' title='bbox 1235 471 1409 521; x_wconf 88' lang='lat' dir='ltr'>meruit,</span> <span class='ocrx_word' id='word_1_6' title='bbox 1434 470 1508 525; x_wconf 89' lang='lat' dir='ltr'>qui</span> <span class='ocrx_word' id='word_1_7' title='bbox 1536 469 1705 525; x_wconf 89' lang='lat' dir='ltr'>primus</span> <span class='ocrx_word' id='word_1_8' title='bbox 1725 469 1770 511; x_wconf 91' lang='lat' dir='ltr'>in</span> <span class='ocrx_word' id='word_1_9' title='bbox 1793 483 1892 511; x_wconf 89' lang='lat' dir='ltr'>aere</span> 
     </span>
     <span class='ocr_line' id='line_1_3' title="bbox 901 538 1739 596; baseline -0.002 -14"><span class='ocrx_word' id='word_1_10' title='bbox 901 541 1123 596; x_wconf 84' lang='lat' dir='ltr'>Mugitum</span> <span class='ocrx_word' id='word_1_11' title='bbox 1147 540 1296 583; x_wconf 90' lang='lat' dir='ltr'>docuit</span> <span class='ocrx_word' id='word_1_12' title='bbox 1320 555 1441 581; x_wconf 89' lang='lat' dir='ltr'>more</span> <span class='ocrx_word' id='word_1_13' title='bbox 1464 539 1576 582; x_wconf 90' lang='lat' dir='ltr'>ciere</span> <span class='ocrx_word' id='word_1_14' title='bbox 1599 538 1739 581; x_wconf 90' lang='lat' dir='ltr'>bovis.</span> 
     </span>
    </p>

    <p class='ocr_par' dir='ltr' id='par_1_3' title="bbox 843 605 1909 733">
     <span class='ocr_line' id='line_1_4' title="bbox 843 605 1909 665; baseline -0.004 -14"><span class='ocrx_word' id='word_1_15' title='bbox 843 611 987 652; x_wconf 87' lang='lat' dir='ltr'>Nemo</span> <span class='ocrx_word' id='word_1_16' title='bbox 1011 610 1115 665; x_wconf 91' lang='lat' dir='ltr'>lupo</span> <span class='ocrx_word' id='word_1_17' title='bbox 1136 609 1325 660; x_wconf 88' lang='lat' dir='ltr'>foveam,</span> <span class='ocrx_word' id='word_1_18' title='bbox 1349 609 1418 650; x_wconf 89' lang='lat' dir='ltr'>vel</span> <span class='ocrx_word' id='word_1_19' title='bbox 1441 608 1553 650; x_wconf 86' lang='lat' dir='ltr'>retia</span> <span class='ocrx_word' id='word_1_20' title='bbox 1572 609 1753 649; x_wconf 84' lang='lat' dir='ltr'>tendere</span> <span class='ocrx_word' id='word_1_21' title='bbox 1775 605 1909 660; x_wconf 85' lang='lat' dir='ltr'>vulpi,</span> 
     </span>
     <span class='ocr_line' id='line_1_5' title="bbox 899 678 1800 733; baseline -0.002 -14"><span class='ocrx_word' id='word_1_22' title='bbox 899 678 1167 733; x_wconf 81' lang='lat' dir='ltr'>Accipitrem</span> <span class='ocrx_word' id='word_1_23' title='bbox 1192 678 1313 720; x_wconf 92' lang='lat' dir='ltr'>visco</span> <span class='ocrx_word' id='word_1_24' title='bbox 1335 678 1486 720; x_wconf 87' lang='lat' dir='ltr'>fallere</span> <span class='ocrx_word' id='word_1_25' title='bbox 1509 691 1641 718; x_wconf 90' lang='lat' dir='ltr'>nemo</span> <span class='ocrx_word' id='word_1_26' title='bbox 1663 681 1800 718; x_wconf 91' lang='lat' dir='ltr'>vetat.</span> 
     </span>
    </p>

    <p class='ocr_par' dir='ltr' id='par_1_4' title="bbox 844 742 2077 870">
     <span class='ocr_line' id='line_1_6' title="bbox 844 742 2077 802; baseline -0.004 -13"><span class='ocrx_word' id='word_1_27' title='bbox 844 748 986 802; x_wconf 81' lang='lat' dir='ltr'>Saepe</span> <span class='ocrx_word' id='word_1_28' title='bbox 1008 749 1124 801; x_wconf 91' lang='lat' dir='ltr'>quod</span> <span class='ocrx_word' id='word_1_29' title='bbox 1148 761 1252 789; x_wconf 90' lang='lat' dir='ltr'>ense</span> <span class='ocrx_word' id='word_1_30' title='bbox 1273 747 1394 788; x_wconf 84' lang='lat' dir='ltr'>ferox</span> <span class='ocrx_word' id='word_1_31' title='bbox 1418 746 1545 788; x_wconf 90' lang='lat' dir='ltr'>miles</span> <span class='ocrx_word' id='word_1_32' title='bbox 1568 744 1736 799; x_wconf 89' lang='lat' dir='ltr'>nequit,</span> <span class='ocrx_word' id='word_1_33' title='bbox 1761 742 1935 798; x_wconf 79' lang='lat' dir='ltr'>expedit</span> <span class='ocrx_word' id='word_1_34' title='bbox 1959 749 2077 793; x_wconf 91' lang='lat' dir='ltr'>astu,</span> 
     </span>
     <span class='ocr_line' id='line_1_7' title="bbox 904 813 1861 870; baseline -0.004 -12"><span class='ocrx_word' id='word_1_35' title='bbox 904 817 997 858; x_wconf 90' lang='lat' dir='ltr'>Nec</span> <span class='ocrx_word' id='word_1_36' title='bbox 1020 816 1120 870; x_wconf 88' lang='lat' dir='ltr'>plus</span> <span class='ocrx_word' id='word_1_37' title='bbox 1142 815 1320 870; x_wconf 86' lang='lat' dir='ltr'>ingenio</span> <span class='ocrx_word' id='word_1_38' title='bbox 1343 817 1524 856; x_wconf 82' lang='lat' dir='ltr'>dextera</span> <span class='ocrx_word' id='word_1_39' title='bbox 1545 813 1690 856; x_wconf 88' lang='lat' dir='ltr'>laudis</span> <span class='ocrx_word' id='word_1_40' title='bbox 1712 813 1861 855; x_wconf 88' lang='lat' dir='ltr'>habet.</span> 
     </span>
    </p>

    <p class='ocr_par' dir='ltr' id='par_1_5' title="bbox 846 882 2014 1009">
     <span class='ocr_line' id='line_1_8' title="bbox 846 882 2014 938; baseline -0.004 -12"><span class='ocrx_word' id='word_1_41' title='bbox 846 885 1075 926; x_wconf 84' lang='lat' dir='ltr'>Praestitit</span> <span class='ocrx_word' id='word_1_42' title='bbox 1099 891 1192 926; x_wconf 88' lang='lat' dir='ltr'>arte</span> <span class='ocrx_word' id='word_1_43' title='bbox 1217 884 1370 934; x_wconf 87' lang='lat' dir='ltr'>Sinon,</span> <span class='ocrx_word' id='word_1_44' title='bbox 1396 889 1438 925; x_wconf 89' lang='lat' dir='ltr'>et</span> <span class='ocrx_word' id='word_1_45' title='bbox 1461 883 1561 938; x_wconf 91' lang='lat' dir='ltr'>equi</span> <span class='ocrx_word' id='word_1_46' title='bbox 1584 882 1824 924; x_wconf 89' lang='lat' dir='ltr'>fabricator</span> <span class='ocrx_word' id='word_1_47' title='bbox 1847 882 2014 935; x_wconf 89' lang='lat' dir='ltr'>Epeus,</span> 
     </span>
     <span class='ocr_line' id='line_1_9' title="bbox 901 951 1881 1009; baseline -0.003 -13"><span class='ocrx_word' id='word_1_48' title='bbox 901 955 1037 996; x_wconf 88' lang='lat' dir='ltr'>Arma</span> <span class='ocrx_word' id='word_1_49' title='bbox 1059 956 1175 1009; x_wconf 90' lang='lat' dir='ltr'>quod</span> <span class='ocrx_word' id='word_1_50' title='bbox 1198 953 1403 996; x_wconf 88' lang='lat' dir='ltr'>Aemonii</span> <span class='ocrx_word' id='word_1_51' title='bbox 1426 968 1514 995; x_wconf 92' lang='lat' dir='ltr'>non</span> <span class='ocrx_word' id='word_1_52' title='bbox 1538 959 1721 1007; x_wconf 89' lang='lat' dir='ltr'>potuere</span> <span class='ocrx_word' id='word_1_53' title='bbox 1744 951 1881 993; x_wconf 90' lang='lat' dir='ltr'>ducis.</span> 
     </span>
    </p>

    <p class='ocr_par' dir='ltr' id='par_1_6' title="bbox 845 1019 2124 1146">
     <span class='ocr_line' id='line_1_10' title="bbox 845 1019 2124 1078; baseline -0.003 -14"><span class='ocrx_word' id='word_1_54' title='bbox 845 1023 954 1078; x_wconf 85' lang='lat' dir='ltr'>Quis</span> <span class='ocrx_word' id='word_1_55' title='bbox 977 1022 1327 1065; x_wconf 85' lang='lat' dir='ltr'>Telamoniaden</span> <span class='ocrx_word' id='word_1_56' title='bbox 1346 1023 1361 1064; x_wconf 85' lang='lat'>?</span> <span class='ocrx_word' id='word_1_57' title='bbox 1396 1021 1566 1063; x_wconf 89' lang='lat' dir='ltr'>socium</span> <span class='ocrx_word' id='word_1_58' title='bbox 1590 1021 1690 1075; x_wconf 89' lang='lat' dir='ltr'>quis</span> <span class='ocrx_word' id='word_1_59' title='bbox 1712 1019 1853 1062; x_wconf 90' lang='lat' dir='ltr'>nescit</span> <span class='ocrx_word' id='word_1_60' title='bbox 1879 1019 2124 1075; x_wconf 80' lang='lat' dir='ltr'>Ulyssem?</span> 
     </span>
     <span class='ocr_line' id='line_1_11' title="bbox 906 1089 1838 1146; baseline -0.003 -13"><span class='ocrx_word' id='word_1_61' title='bbox 906 1090 1158 1146; x_wconf 86' lang='lat' dir='ltr'>Promptior</span> <span class='ocrx_word' id='word_1_62' title='bbox 1179 1091 1352 1133; x_wconf 82' lang='lat' dir='ltr'>insidiis</span> <span class='ocrx_word' id='word_1_63' title='bbox 1378 1091 1449 1132; x_wconf 90' lang='lat' dir='ltr'>hic</span> <span class='ocrx_word' id='word_1_64' title='bbox 1471 1090 1567 1140; x_wconf 89' lang='lat' dir='ltr'>fuit,</span> <span class='ocrx_word' id='word_1_65' title='bbox 1592 1089 1664 1131; x_wconf 92' lang='lat' dir='ltr'>ille</span> <span class='ocrx_word' id='word_1_66' title='bbox 1687 1103 1838 1130; x_wconf 89' lang='lat' dir='ltr'>manu.</span> 
     </span>
    </p>

    <p class='ocr_par' dir='ltr' id='par_1_7' title="bbox 849 1158 1999 1279">
     <span class='ocr_line' id='line_1_12' title="bbox 849 1158 1999 1202; baseline -0.003 -1"><span class='ocrx_word' id='word_1_67' title='bbox 849 1161 982 1202; x_wconf 89' lang='lat' dir='ltr'>Hunc</span> <span class='ocrx_word' id='word_1_68' title='bbox 1005 1167 1156 1202; x_wconf 90' lang='lat' dir='ltr'>tamen</span> <span class='ocrx_word' id='word_1_69' title='bbox 1179 1159 1389 1202; x_wconf 85' lang='lat' dir='ltr'>antetulit</span> <span class='ocrx_word' id='word_1_70' title='bbox 1413 1158 1560 1201; x_wconf 90' lang='lat' dir='ltr'>iuveni</span> <span class='ocrx_word' id='word_1_71' title='bbox 1583 1158 1828 1199; x_wconf 85' lang='lat' dir='ltr'>Telamone</span> <span class='ocrx_word' id='word_1_72' title='bbox 1851 1162 1999 1199; x_wconf 88' lang='lat' dir='ltr'>creato</span> 
     </span>
     <span class='ocr_line' id='line_1_13' title="bbox 905 1226 1908 1279; baseline -0.003 -8"><span class='ocrx_word' id='word_1_73' title='bbox 905 1229 1108 1279; x_wconf 79' lang='lat' dir='ltr'>Graecia,</span> <span class='ocrx_word' id='word_1_74' title='bbox 1133 1229 1328 1271; x_wconf 84' lang='lat' dir='ltr'>defuncti</span> <span class='ocrx_word' id='word_1_75' title='bbox 1351 1243 1452 1270; x_wconf 91' lang='lat' dir='ltr'>cum</span> <span class='ocrx_word' id='word_1_76' title='bbox 1477 1227 1603 1270; x_wconf 88' lang='lat' dir='ltr'>ducis</span> <span class='ocrx_word' id='word_1_77' title='bbox 1626 1241 1750 1269; x_wconf 86' lang='lat' dir='ltr'>arma</span> <span class='ocrx_word' id='word_1_78' title='bbox 1772 1226 1908 1269; x_wconf 88' lang='lat' dir='ltr'>dedit.</span> 
     </span>
    </p>

    <p class='ocr_par' dir='ltr' id='par_1_8' title="bbox 847 1294 2058 1421">
     <span class='ocr_line' id='line_1_14' title="bbox 847 1294 2058 1353; baseline -0.002 -14"><span class='ocrx_word' id='word_1_79' title='bbox 847 1297 978 1353; x_wconf 84' lang='lat' dir='ltr'>Quid,</span> <span class='ocrx_word' id='word_1_80' title='bbox 1003 1299 1119 1352; x_wconf 91' lang='lat' dir='ltr'>quod</span> <span class='ocrx_word' id='word_1_81' title='bbox 1142 1305 1184 1340; x_wconf 89' lang='lat' dir='ltr'>et</span> <span class='ocrx_word' id='word_1_82' title='bbox 1208 1298 1304 1352; x_wconf 90' lang='lat' dir='ltr'>ipsa</span> <span class='ocrx_word' id='word_1_83' title='bbox 1328 1298 1486 1340; x_wconf 86' lang='lat' dir='ltr'>cohors</span> <span class='ocrx_word' id='word_1_84' title='bbox 1511 1294 1732 1351; x_wconf 80' lang='lat' dir='ltr'>Superfim</span> <span class='ocrx_word' id='word_1_85' title='bbox 1756 1295 1852 1338; x_wconf 91' lang='lat' dir='ltr'>sine</span> <span class='ocrx_word' id='word_1_86' title='bbox 1874 1295 2058 1338; x_wconf 90' lang='lat' dir='ltr'>crimine</span> 
     </span>
     <span class='ocr_line' id='line_1_15' title="bbox 906 1366 1935 1421; baseline -0.001 -13"><span class='ocrx_word' id='word_1_87' title='bbox 906 1367 1098 1417; x_wconf 84' lang='lat' dir='ltr'>Gaudet,</span> <span class='ocrx_word' id='word_1_88' title='bbox 1122 1374 1165 1409; x_wconf 93' lang='lat' dir='ltr'>et</span> <span class='ocrx_word' id='word_1_89' title='bbox 1189 1381 1352 1409; x_wconf 87' lang='lat' dir='ltr'>arcana</span> <span class='ocrx_word' id='word_1_90' title='bbox 1375 1366 1548 1421; x_wconf 90' lang='lat' dir='ltr'>quaerit</span> <span class='ocrx_word' id='word_1_91' title='bbox 1571 1367 1626 1408; x_wconf 89' lang='lat' dir='ltr'>ab</span> <span class='ocrx_word' id='word_1_92' title='bbox 1649 1372 1743 1407; x_wconf 90' lang='lat' dir='ltr'>arte</span> <span class='ocrx_word' id='word_1_93' title='bbox 1766 1366 1935 1407; x_wconf 88' lang='lat' dir='ltr'>decus?</span> 
     </span>
    </p>

    <p class='ocr_par' dir='ltr' id='par_1_9' title="bbox 849 1435 1998 1560">
     <span class='ocr_line' id='line_1_16' title="bbox 849 1435 1998 1492; baseline -0.001 -14"><span class='ocrx_word' id='word_1_94' title='bbox 849 1436 981 1478; x_wconf 86' lang='lat' dir='ltr'>Retia</span> <span class='ocrx_word' id='word_1_95' title='bbox 1004 1437 1085 1478; x_wconf 84' lang='lat' dir='ltr'>fert</span> <span class='ocrx_word' id='word_1_96' title='bbox 1110 1436 1283 1492; x_wconf 85' lang='lat' dir='ltr'>Cypris,</span> <span class='ocrx_word' id='word_1_97' title='bbox 1308 1436 1469 1491; x_wconf 85' lang='lat' dir='ltr'>quibus</span> <span class='ocrx_word' id='word_1_98' title='bbox 1490 1435 1757 1478; x_wconf 88' lang='lat' dir='ltr'>intricantur</span> <span class='ocrx_word' id='word_1_99' title='bbox 1777 1442 1998 1485; x_wconf 85' lang='lat' dir='ltr'>amantes,</span> 
     </span>
     <span class='ocr_line' id='line_1_17' title="bbox 907 1505 1792 1560; baseline 0 -13"><span class='ocrx_word' id='word_1_100' title='bbox 907 1507 966 1547; x_wconf 85' lang='lat' dir='ltr'>Et</span> <span class='ocrx_word' id='word_1_101' title='bbox 989 1505 1101 1560; x_wconf 84' lang='lat' dir='ltr'>gerit</span> <span class='ocrx_word' id='word_1_102' title='bbox 1128 1506 1296 1548; x_wconf 90' lang='lat' dir='ltr'>Idalius</span> <span class='ocrx_word' id='word_1_103' title='bbox 1319 1505 1491 1560; x_wconf 89' lang='lat' dir='ltr'>spicula</span> <span class='ocrx_word' id='word_1_104' title='bbox 1513 1520 1646 1548; x_wconf 89' lang='lat' dir='ltr'>caeca</span> <span class='ocrx_word' id='word_1_105' title='bbox 1669 1519 1792 1560; x_wconf 86' lang='lat' dir='ltr'>puer.</span> 
     </span>
    </p>

    <p class='ocr_par' dir='ltr' id='par_1_10' title="bbox 847 1574 1896 1699">
     <span class='ocr_line' id='line_1_18' title="bbox 847 1574 1785 1626; baseline 0 -10"><span class='ocrx_word' id='word_1_106' title='bbox 847 1574 927 1625; x_wconf 88' lang='lat' dir='ltr'>Tc,</span> <span class='ocrx_word' id='word_1_107' title='bbox 951 1575 1071 1616; x_wconf 84' lang='lat' dir='ltr'>vafer</span> <span class='ocrx_word' id='word_1_108' title='bbox 1094 1575 1235 1626; x_wconf 89' lang='lat' dir='ltr'>Ixion,</span> <span class='ocrx_word' id='word_1_109' title='bbox 1261 1576 1402 1617; x_wconf 91' lang='lat' dir='ltr'>nubes</span> <span class='ocrx_word' id='word_1_110' title='bbox 1427 1575 1643 1617; x_wconf 88' lang='lat' dir='ltr'>Iunonia:</span> <span class='ocrx_word' id='word_1_111' title='bbox 1679 1590 1785 1617; x_wconf 87' lang='lat' dir='ltr'>saxo</span> 
     </span>
     <span class='ocr_line' id='line_1_19' title="bbox 907 1644 1896 1699; baseline 0 -13"><span class='ocrx_word' id='word_1_112' title='bbox 907 1644 1121 1698; x_wconf 87' lang='lat' dir='ltr'>Coniugis</span> <span class='ocrx_word' id='word_1_113' title='bbox 1144 1644 1385 1699; x_wconf 84' lang='lat' dir='ltr'>ingluviem</span> <span class='ocrx_word' id='word_1_114' title='bbox 1409 1644 1638 1686; x_wconf 90' lang='lat' dir='ltr'>ludificata</span> <span class='ocrx_word' id='word_1_115' title='bbox 1664 1645 1790 1686; x_wconf 90' lang='lat' dir='ltr'>Rhea</span> <span class='ocrx_word' id='word_1_116' title='bbox 1813 1651 1896 1686; x_wconf 88' lang='lat' dir='ltr'>est.</span> 
     </span>
    </p>

    <p class='ocr_par' dir='ltr' id='par_1_11' title="bbox 852 1712 1900 1832">
     <span class='ocr_line' id='line_1_20' title="bbox 852 1712 1900 1768; baseline 0.001 -15"><span class='ocrx_word' id='word_1_117' title='bbox 852 1712 1011 1754; x_wconf 86' lang='lat' dir='ltr'>Martis</span> <span class='ocrx_word' id='word_1_118' title='bbox 1033 1719 1074 1754; x_wconf 93' lang='lat' dir='ltr'>et</span> <span class='ocrx_word' id='word_1_119' title='bbox 1098 1713 1142 1754; x_wconf 92' lang='lat' dir='ltr'>in</span> <span class='ocrx_word' id='word_1_120' title='bbox 1165 1713 1334 1768; x_wconf 87' lang='lat' dir='ltr'>gremio</span> <span class='ocrx_word' id='word_1_121' title='bbox 1361 1714 1515 1755; x_wconf 89' lang='lat' dir='ltr'>Venus</span> <span class='ocrx_word' id='word_1_122' title='bbox 1541 1713 1727 1763; x_wconf 89' lang='lat' dir='ltr'>irretita,</span> <span class='ocrx_word' id='word_1_123' title='bbox 1752 1712 1900 1755; x_wconf 89' lang='lat' dir='ltr'>mariti</span> 
     </span>
     <span class='ocr_line' id='line_1_21' title="bbox 910 1781 1679 1832; baseline 0.003 -10"><span class='ocrx_word' id='word_1_124' title='bbox 910 1781 1102 1832; x_wconf 89' lang='lat' dir='ltr'>Insidiis,</span> <span class='ocrx_word' id='word_1_125' title='bbox 1126 1782 1248 1824; x_wconf 92' lang='lat' dir='ltr'>caelo</span> <span class='ocrx_word' id='word_1_126' title='bbox 1270 1782 1419 1824; x_wconf 85' lang='lat' dir='ltr'>fabula</span> <span class='ocrx_word' id='word_1_127' title='bbox 1441 1782 1560 1824; x_wconf 90' lang='lat' dir='ltr'>facta</span> <span class='ocrx_word' id='word_1_128' title='bbox 1581 1782 1679 1824; x_wconf 88' lang='lat' dir='ltr'>fuit.</span> 
     </span>
    </p>

    <p class='ocr_par' dir='ltr' id='par_1_12' title="bbox 850 1849 2043 1962">
     <span class='ocr_line' id='line_1_22' title="bbox 850 1849 2043 1906; baseline 0.001 -14"><span class='ocrx_word' id='word_1_129' title='bbox 850 1849 966 1905; x_wconf 83' lang='lat' dir='ltr'>Quid</span> <span class='ocrx_word' id='word_1_130' title='bbox 992 1852 1095 1892; x_wconf 90' lang='lat' dir='ltr'>Iove</span> <span class='ocrx_word' id='word_1_131' title='bbox 1117 1852 1186 1893; x_wconf 90' lang='lat' dir='ltr'>vel</span> <span class='ocrx_word' id='word_1_132' title='bbox 1210 1851 1370 1901; x_wconf 86' lang='lat' dir='ltr'>maius,</span> <span class='ocrx_word' id='word_1_133' title='bbox 1394 1851 1462 1893; x_wconf 84' lang='lat' dir='ltr'>vel</span> <span class='ocrx_word' id='word_1_134' title='bbox 1486 1851 1688 1893; x_wconf 87' lang='lat' dir='ltr'>sanctius</span> <span class='ocrx_word' id='word_1_135' title='bbox 1711 1850 1870 1906; x_wconf 85' lang='lat' dir='ltr'>aspicit</span> <span class='ocrx_word' id='word_1_136' title='bbox 1894 1850 2043 1893; x_wconf 85' lang='lat' dir='ltr'>orbis?</span> 
     </span>
     <span class='ocr_line' id='line_1_23' title="bbox 910 1919 1886 1962; baseline 0.002 -2"><span class='ocrx_word' id='word_1_137' title='bbox 910 1920 1010 1961; x_wconf 89' lang='lat' dir='ltr'>Non</span> <span class='ocrx_word' id='word_1_138' title='bbox 1033 1925 1184 1962; x_wconf 87' lang='lat' dir='ltr'>tamen</span> <span class='ocrx_word' id='word_1_139' title='bbox 1207 1920 1326 1962; x_wconf 86' lang='lat' dir='ltr'>hunc</span> <span class='ocrx_word' id='word_1_140' title='bbox 1349 1919 1499 1962; x_wconf 90' lang='lat' dir='ltr'>blandi</span> <span class='ocrx_word' id='word_1_141' title='bbox 1522 1921 1765 1962; x_wconf 87' lang='lat' dir='ltr'>dedecuere</span> <span class='ocrx_word' id='word_1_142' title='bbox 1788 1919 1886 1962; x_wconf 90' lang='lat' dir='ltr'>doli.</span> 
     </span>
    </p>

    <p class='ocr_par' dir='ltr' id='par_1_13' title="bbox 850 1988 2073 2113">
     <span class='ocr_line' id='line_1_24' title="bbox 850 1988 2073 2044; baseline 0.001 -15"><span class='ocrx_word' id='word_1_143' title='bbox 850 1989 1023 2030; x_wconf 88' lang='lat' dir='ltr'>Aureus</span> <span class='ocrx_word' id='word_1_144' title='bbox 1045 1989 1088 2030; x_wconf 89' lang='lat' dir='ltr'>in</span> <span class='ocrx_word' id='word_1_145' title='bbox 1112 1989 1317 2031; x_wconf 87' lang='lat' dir='ltr'>dominae</span> <span class='ocrx_word' id='word_1_146' title='bbox 1339 1989 1559 2044; x_wconf 86' lang='lat' dir='ltr'>gremium</span> <span class='ocrx_word' id='word_1_147' title='bbox 1586 2003 1704 2031; x_wconf 91' lang='lat' dir='ltr'>nunc</span> <span class='ocrx_word' id='word_1_148' title='bbox 1732 1989 1895 2031; x_wconf 89' lang='lat' dir='ltr'>decidit</span> <span class='ocrx_word' id='word_1_149' title='bbox 1919 1988 2073 2039; x_wconf 89' lang='lat' dir='ltr'>imber,</span> 
     </span>
     <span class='ocr_line' id='line_1_25' title="bbox 909 2058 1902 2113; baseline 0.001 -14"><span class='ocrx_word' id='word_1_150' title='bbox 909 2058 1086 2100; x_wconf 87' lang='lat' dir='ltr'>Cornua</span> <span class='ocrx_word' id='word_1_151' title='bbox 1109 2072 1226 2100; x_wconf 90' lang='lat' dir='ltr'>nunc</span> <span class='ocrx_word' id='word_1_152' title='bbox 1249 2058 1361 2100; x_wconf 86' lang='lat' dir='ltr'>torvi</span> <span class='ocrx_word' id='word_1_153' title='bbox 1385 2058 1576 2113; x_wconf 87' lang='lat' dir='ltr'>sumpsit</span> <span class='ocrx_word' id='word_1_154' title='bbox 1599 2065 1641 2100; x_wconf 90' lang='lat' dir='ltr'>et</span> <span class='ocrx_word' id='word_1_155' title='bbox 1664 2073 1740 2100; x_wconf 89' lang='lat' dir='ltr'>ora</span> <span class='ocrx_word' id='word_1_156' title='bbox 1763 2058 1902 2100; x_wconf 89' lang='lat' dir='ltr'>bovis.</span> 
     </span>
    </p>

    <p class='ocr_par' dir='ltr' id='par_1_14' title="bbox 853 2126 1964 2247">
     <span class='ocr_line' id='line_1_26' title="bbox 853 2126 1964 2183; baseline 0.003 -17"><span class='ocrx_word' id='word_1_157' title='bbox 853 2126 931 2166; x_wconf 88' lang='lat' dir='ltr'>Vir</span> <span class='ocrx_word' id='word_1_158' title='bbox 953 2141 1060 2168; x_wconf 90' lang='lat' dir='ltr'>suus</span> <span class='ocrx_word' id='word_1_159' title='bbox 1081 2127 1338 2177; x_wconf 89' lang='lat' dir='ltr'>Alcmenae,</span> <span class='ocrx_word' id='word_1_160' title='bbox 1362 2127 1614 2183; x_wconf 87' lang='lat' dir='ltr'>Ganymedi</span> <span class='ocrx_word' id='word_1_161' title='bbox 1636 2127 1835 2169; x_wconf 89' lang='lat' dir='ltr'>fulminis</span> <span class='ocrx_word' id='word_1_162' title='bbox 1857 2128 1964 2178; x_wconf 82' lang='lat' dir='ltr'>ales,</span> 
     </span>
     <span class='ocr_line' id='line_1_27' title="bbox 912 2196 1914 2247; baseline 0.002 -11"><span class='ocrx_word' id='word_1_163' title='bbox 912 2196 1080 2237; x_wconf 87' lang='lat' dir='ltr'>Factus</span> <span class='ocrx_word' id='word_1_164' title='bbox 1103 2203 1145 2238; x_wconf 93' lang='lat' dir='ltr'>et</span> <span class='ocrx_word' id='word_1_165' title='bbox 1169 2203 1251 2246; x_wconf 85' lang='lat' dir='ltr'>est,</span> <span class='ocrx_word' id='word_1_166' title='bbox 1278 2198 1448 2238; x_wconf 88' lang='lat' dir='ltr'>Ledam</span> <span class='ocrx_word' id='word_1_167' title='bbox 1472 2211 1572 2238; x_wconf 89' lang='lat' dir='ltr'>cum</span> <span class='ocrx_word' id='word_1_168' title='bbox 1596 2196 1786 2247; x_wconf 87' lang='lat' dir='ltr'>vitiaret,</span> <span class='ocrx_word' id='word_1_169' title='bbox 1811 2196 1914 2238; x_wconf 92' lang='lat' dir='ltr'>olor.</span> 
     </span>
    </p>

    <p class='ocr_par' dir='ltr' id='par_1_15' title="bbox 853 2264 2065 2389">
     <span class='ocr_line' id='line_1_28' title="bbox 853 2264 2065 2320; baseline 0.002 -16"><span class='ocrx_word' id='word_1_170' title='bbox 853 2264 1086 2318; x_wconf 85' lang='lat' dir='ltr'>Quoslibet</span> <span class='ocrx_word' id='word_1_171' title='bbox 1109 2265 1153 2306; x_wconf 92' lang='lat' dir='ltr'>in</span> <span class='ocrx_word' id='word_1_172' title='bbox 1175 2266 1326 2307; x_wconf 88' lang='lat' dir='ltr'>vultus</span> <span class='ocrx_word' id='word_1_173' title='bbox 1349 2265 1517 2315; x_wconf 80' lang='lat' dir='ltr'>abiens,</span> <span class='ocrx_word' id='word_1_174' title='bbox 1542 2265 1834 2320; x_wconf 89' lang='lat' dir='ltr'>hominesque</span> <span class='ocrx_word' id='word_1_175' title='bbox 1859 2267 2065 2320; x_wconf 87' lang='lat' dir='ltr'>Deosque</span> 
     </span>
     <span class='ocr_line' id='line_1_29' title="bbox 913 2333 1947 2389; baseline 0.003 -16"><span class='ocrx_word' id='word_1_176' title='bbox 913 2333 1059 2383; x_wconf 89' lang='lat' dir='ltr'>Lusit,</span> <span class='ocrx_word' id='word_1_177' title='bbox 1083 2340 1125 2376; x_wconf 87' lang='lat' dir='ltr'>et</span> <span class='ocrx_word' id='word_1_178' title='bbox 1149 2335 1403 2389; x_wconf 86' lang='lat' dir='ltr'>exemplum</span> <span class='ocrx_word' id='word_1_179' title='bbox 1427 2334 1556 2377; x_wconf 90' lang='lat' dir='ltr'>iussit</span> <span class='ocrx_word' id='word_1_180' title='bbox 1579 2341 1790 2388; x_wconf 89' lang='lat' dir='ltr'>utrosque</span> <span class='ocrx_word' id='word_1_181' title='bbox 1812 2334 1947 2389; x_wconf 88' lang='lat' dir='ltr'>sequi.</span> 
     </span>
    </p>

    <p class='ocr_par' dir='ltr' id='par_1_16' title="bbox 855 2402 2017 2526">
     <span class='ocr_line' id='line_1_30' title="bbox 855 2402 2017 2459; baseline 0.003 -17"><span class='ocrx_word' id='word_1_182' title='bbox 855 2402 956 2443; x_wconf 91' lang='lat' dir='ltr'>Non</span> <span class='ocrx_word' id='word_1_183' title='bbox 979 2402 1123 2444; x_wconf 89' lang='lat' dir='ltr'>minor</span> <span class='ocrx_word' id='word_1_184' title='bbox 1144 2411 1224 2452; x_wconf 90' lang='lat' dir='ltr'>est,</span> <span class='ocrx_word' id='word_1_185' title='bbox 1247 2403 1282 2445; x_wconf 92' lang='lat' dir='ltr'>si</span> <span class='ocrx_word' id='word_1_186' title='bbox 1306 2410 1468 2446; x_wconf 87' lang='lat' dir='ltr'>cuncta</span> <span class='ocrx_word' id='word_1_187' title='bbox 1490 2410 1637 2459; x_wconf 80' lang='lat' dir='ltr'>putaS,</span> <span class='ocrx_word' id='word_1_188' title='bbox 1662 2404 1842 2446; x_wconf 84' lang='lat' dir='ltr'>solertia</span> <span class='ocrx_word' id='word_1_189' title='bbox 1867 2404 2017 2454; x_wconf 89' lang='lat' dir='ltr'>Dauli‚</span> 
     </span>
     <span class='ocr_line' id='line_1_31' title="bbox 912 2472 1995 2526; baseline 0 -13"><span class='ocrx_word' id='word_1_190' title='bbox 912 2472 1057 2526; x_wconf 83' lang='lat' dir='ltr'>Quam</span> <span class='ocrx_word' id='word_1_191' title='bbox 1084 2472 1216 2522; x_wconf 88' lang='lat' dir='ltr'>Iovis,</span> <span class='ocrx_word' id='word_1_192' title='bbox 1238 2473 1310 2514; x_wconf 91' lang='lat' dir='ltr'>ille</span> <span class='ocrx_word' id='word_1_193' title='bbox 1335 2487 1430 2524; x_wconf 91' lang='lat' dir='ltr'>sua,</span> <span class='ocrx_word' id='word_1_194' title='bbox 1455 2474 1531 2515; x_wconf 91' lang='lat' dir='ltr'>sed</span> <span class='ocrx_word' id='word_1_195' title='bbox 1554 2473 1713 2521; x_wconf 89' lang='lat' dir='ltr'>minus,</span> <span class='ocrx_word' id='word_1_196' title='bbox 1738 2480 1832 2515; x_wconf 89' lang='lat' dir='ltr'>arte</span> <span class='ocrx_word' id='word_1_197' title='bbox 1855 2480 1995 2515; x_wconf 88' lang='lat' dir='ltr'>nocet.</span> 
     </span>
    </p>

    <p class='ocr_par' dir='ltr' id='par_1_17' title="bbox 855 2540 1940 2665">
     <span class='ocr_line' id='line_1_32' title="bbox 855 2540 1940 2597; baseline 0.003 -16"><span class='ocrx_word' id='word_1_198' title='bbox 855 2540 973 2582; x_wconf 86' lang='lat' dir='ltr'>Cura</span> <span class='ocrx_word' id='word_1_199' title='bbox 996 2541 1076 2582; x_wconf 85' lang='lat' dir='ltr'>fuit</span> <span class='ocrx_word' id='word_1_200' title='bbox 1100 2542 1386 2596; x_wconf 89' lang='lat' dir='ltr'>studiumque</span> <span class='ocrx_word' id='word_1_201' title='bbox 1411 2542 1544 2593; x_wconf 90' lang='lat' dir='ltr'>Iovis,</span> <span class='ocrx_word' id='word_1_202' title='bbox 1568 2542 1732 2584; x_wconf 87' lang='lat' dir='ltr'>violare</span> <span class='ocrx_word' id='word_1_203' title='bbox 1755 2543 1940 2597; x_wconf 75' lang='lat' dir='ltr'>puellaS,</span> 
     </span>
     <span class='ocr_line' id='line_1_33' title="bbox 913 2610 1859 2665; baseline 0.003 -15"><span class='ocrx_word' id='word_1_204' title='bbox 913 2610 1166 2664; x_wconf 89' lang='lat' dir='ltr'>Sanctaque</span> <span class='ocrx_word' id='word_1_205' title='bbox 1188 2611 1376 2665; x_wconf 87' lang='lat' dir='ltr'>legitimi</span> <span class='ocrx_word' id='word_1_206' title='bbox 1400 2611 1569 2654; x_wconf 92' lang='lat' dir='ltr'>solvere</span> <span class='ocrx_word' id='word_1_207' title='bbox 1591 2611 1737 2653; x_wconf 90' lang='lat' dir='ltr'>vincla</span> <span class='ocrx_word' id='word_1_208' title='bbox 1760 2611 1859 2653; x_wconf 89' lang='lat' dir='ltr'>tori.</span> 
     </span>
    </p>

    <p class='ocr_par' dir='ltr' id='par_1_18' title="bbox 856 2677 1973 2804">
     <span class='ocr_line' id='line_1_34' title="bbox 856 2677 1973 2735; baseline 0.002 -16"><span class='ocrx_word' id='word_1_209' title='bbox 856 2677 1038 2720; x_wconf 88' lang='lat' dir='ltr'>Castius</span> <span class='ocrx_word' id='word_1_210' title='bbox 1061 2679 1300 2734; x_wconf 88' lang='lat' dir='ltr'>aucupium</span> <span class='ocrx_word' id='word_1_211' title='bbox 1327 2680 1462 2722; x_wconf 91' lang='lat' dir='ltr'>Dauli</span> <span class='ocrx_word' id='word_1_212' title='bbox 1485 2687 1579 2730; x_wconf 89' lang='lat' dir='ltr'>est;</span> <span class='ocrx_word' id='word_1_213' title='bbox 1613 2680 1674 2721; x_wconf 91' lang='lat' dir='ltr'>nil</span> <span class='ocrx_word' id='word_1_214' title='bbox 1698 2680 1769 2722; x_wconf 92' lang='lat' dir='ltr'>ille</span> <span class='ocrx_word' id='word_1_215' title='bbox 1792 2680 1973 2735; x_wconf 85' lang='lat' dir='ltr'>fugaces</span> 
     </span>
     <span class='ocr_line' id='line_1_35' title="bbox 915 2748 1846 2804; baseline 0.003 -16"><span class='ocrx_word' id='word_1_216' title='bbox 915 2748 1096 2789; x_wconf 85' lang='lat' dir='ltr'>Praeter</span> <span class='ocrx_word' id='word_1_217' title='bbox 1117 2763 1234 2803; x_wconf 89' lang='lat' dir='ltr'>opes,</span> <span class='ocrx_word' id='word_1_218' title='bbox 1256 2755 1373 2792; x_wconf 91' lang='lat' dir='ltr'>terra</span> <span class='ocrx_word' id='word_1_219' title='bbox 1395 2751 1448 2791; x_wconf 87' lang='lat' dir='ltr'>de</span> <span class='ocrx_word' id='word_1_220' title='bbox 1476 2750 1697 2804; x_wconf 87' lang='lat' dir='ltr'>locuplete</span> <span class='ocrx_word' id='word_1_221' title='bbox 1721 2749 1846 2804; x_wconf 89' lang='lat' dir='ltr'>petit.</span> 
     </span>
    </p>
   </div>
   <div class='ocr_carea' id='block_1_3' title="bbox 797 2900 2372 2999">
    <p class='ocr_par' dir='ltr' id='par_1_19' title="bbox 797 2900 2372 2999">
     <span class='ocr_line' id='line_1_36' title="bbox 797 2900 1354 2940; baseline 0.007 -11"><span class='ocrx_word' id='word_1_222' title='bbox 797 2900 849 2929; x_wconf 82' lang='lat'>66.</span> <span class='ocrx_word' id='word_1_223' title='bbox 876 2900 1062 2940; x_wconf 80' lang='lat' dir='ltr'>Aemonii.]</span> <span class='ocrx_word' id='word_1_224' title='bbox 1109 2901 1173 2938; x_wconf 83' lang='lat' dir='ltr'>i.e.‚</span> <span class='ocrx_word' id='word_1_225' title='bbox 1192 2902 1354 2933; x_wconf 84' lang='lat' dir='ltr'>Achilles.</span> 
     </span>
     <span class='ocr_line' id='line_1_37' title="bbox 799 2954 2372 2999; baseline 0.001 -16"><span class='ocrx_word' id='word_1_226' title='bbox 799 2954 851 2994; x_wconf 79' lang='lat'>78.</span> <span class='ocrx_word' id='word_1_227' title='bbox 877 2954 981 2985; x_wconf 84' lang='lat' dir='ltr'>Caelo</span> <span class='ocrx_word' id='word_1_228' title='bbox 999 2954 1139 2996; x_wconf 61' lang='lat' dir='ltr'>sabula]</span> <span class='ocrx_word' id='word_1_229' title='bbox 1186 2957 1286 2997; x_wconf 87' lang='lat' dir='ltr'>Story</span> <span class='ocrx_word' id='word_1_230' title='bbox 1304 2957 1336 2987; x_wconf 90' lang='lat' dir='ltr'>in</span> <span class='ocrx_word' id='word_1_231' title='bbox 1354 2957 1471 2999; x_wconf 86' lang='lat' dir='ltr'>eighth</span> <span class='ocrx_word' id='word_1_232' title='bbox 1489 2957 1635 2999; x_wconf 80' lang='lat' dir='ltr'>Odysscy</span> <span class='ocrx_word' id='word_1_233' title='bbox 1654 2956 1693 2988; x_wconf 82' lang='lat' dir='ltr'>os</span> <span class='ocrx_word' id='word_1_234' title='bbox 1707 2957 1801 2988; x_wconf 82' lang='lat' dir='ltr'>Mars</span> <span class='ocrx_word' id='word_1_235' title='bbox 1819 2956 1885 2988; x_wconf 84' lang='lat' dir='ltr'>and</span> <span class='ocrx_word' id='word_1_236' title='bbox 1902 2957 2019 2988; x_wconf 85' lang='lat' dir='ltr'>Venus</span> <span class='ocrx_word' id='word_1_237' title='bbox 2036 2955 2161 2999; x_wconf 83' lang='lat' dir='ltr'>caught</span> <span class='ocrx_word' id='word_1_238' title='bbox 2179 2955 2211 2989; x_wconf 81' lang='lat' dir='ltr'>in</span> <span class='ocrx_word' id='word_1_239' title='bbox 2229 2955 2286 2987; x_wconf 89' lang='lat' dir='ltr'>the</span> <span class='ocrx_word' id='word_1_240' title='bbox 2303 2960 2372 2987; x_wconf 84' lang='lat' dir='ltr'>net.</span> 
     </span>
    </p>
   </div>
   <div class='ocr_carea' id='block_1_4' title="bbox 2385 0 2594 3749">
    <p class='ocr_par' dir='ltr' id='par_1_20' title="bbox 2385 0 2594 3749">
     <span class='ocr_line' id='line_1_38' title="bbox 2385 0 2594 3749; baseline 0 0"><span class='ocrx_word' id='word_1_241' title='bbox 2385 0 2594 3749; x_wconf 95' lang='lat' dir='ltr'> </span> 
     </span>
    </p>
   </div>
  </div>
 </body>
</html>
