2594 3749
651 290 732 322 HIS
765 290 986 323 LAWSUIT
1017 291 1081 322 AT
1114 291 1344 323 MALINES.
1825 297 1902 327 121

245 740 401 780 XVII.
436 740 519 780 AD
553 739 802 781 CURIAM
839 739 1389 781 MECHLINIENSEM
1424 739 1768 796 Ευχαριστικὸν.

272 888 486 937 Vicimus,
509 895 551 930 et
574 887 720 942 pelagi
743 889 924 930 tandem
950 889 1169 930 subducta
1197 888 1385 943 periclis,

331 959 510 1012 Sospes,
537 959 600 1007 Io,
625 964 802 1011 portum
826 964 980 999 nostra
1003 957 1153 999 carina
1176 964 1314 1000 tenet.

274 1027 346 1076 Di,
373 1027 534 1081 quibus
557 1027 816 1081 auspicibus
839 1027 1151 1081 superavimus
1173 1042 1381 1081 aequora,
1405 1034 1578 1070 vestros

329 1097 446 1137 Vota
470 1095 659 1137 soluturi
683 1096 926 1137 sternimur
947 1103 1051 1137 ante
1075 1098 1223 1150 pedes.

272 1167 358 1207 Par
381 1165 559 1207 animus
580 1165 712 1215 votis,
737 1166 813 1207 sed
838 1180 951 1219 quae
974 1167 1078 1207 dare
1103 1180 1288 1207 munera
1311 1174 1465 1208 vatum

329 1236 453 1277 Gens
476 1235 603 1285 solet,
627 1234 832 1289 augustis
856 1240 960 1276 sunt
988 1235 1137 1276 minus
1160 1241 1267 1289 apta
1289 1235 1440 1276 tholis.

271 1304 345 1345 Nil
369 1310 546 1359 praeter
568 1318 778 1345 numeros
801 1310 843 1345 et
867 1305 1002 1346 verba
1025 1304 1247 1354 sonantia,
1275 1304 1443 1346 Phoebi

328 1374 571 1428 Quotquot,
593 1379 635 1414 et
659 1373 882 1414 Aonidum
906 1380 1054 1414 castra
1078 1379 1337 1427 sequuntur,
1359 1373 1540 1415 habent.

271 1443 397 1483 Haec
419 1448 571 1483 tamen
595 1448 805 1496 acceptae
828 1441 1018 1496 pretium
1041 1447 1084 1483 et
1108 1449 1400 1484 monumenta
1423 1442 1582 1484 salutis

330 1512 529 1559 Munera,
553 1511 588 1552 si
612 1511 679 1552 fas
701 1517 783 1560 est,
808 1510 1203 1565 quantulacunque
1226 1511 1332 1552 fero.
1852 1524 1903 1554 10

270 1579 431 1621 Audiet
455 1580 729 1634 imprudens,
754 1580 843 1620 fors
866 1586 908 1620 et
932 1580 1199 1621 temerarius
1222 1586 1392 1629 auctor,

330 1649 461 1690 Dona
482 1655 635 1690 tamen
657 1654 812 1702 gratae
837 1647 1022 1702 pignora
1046 1648 1211 1689 mentis
1235 1655 1381 1690 erunt.

270 1717 445 1772 Quique
468 1718 542 1758 dat
566 1716 691 1766 haec,
716 1716 894 1758 animus
916 1724 1090 1759 vestras
1113 1719 1301 1760 devotus
1323 1719 1378 1760 ad
1401 1732 1502 1760 aras

328 1786 523 1835 Sistitur‚
546 1793 589 1828 et
612 1801 715 1840 pars
738 1793 806 1827 est
830 1787 1029 1828 muneris
1052 1787 1147 1841 ipse
1170 1787 1254 1830 sui.

270 1856 416 1898 Cessit
440 1856 719 1898 Abantiadae
743 1856 958 1898 monstris
982 1863 1134 1910 erepta
1158 1856 1346 1899 marinis

327 1927 634 1975 Andromede3
669 1926 861 1980 pretium
884 1926 1008 1979 virgo
1032 1926 1192 1968 salutis
1218 1933 1324 1968 erat.

271 1996 407 2038 Sacra
431 1996 604 2045 cohors,
630 2009 821 2049 magnus
844 1997 960 2049 quod
983 1997 1036 2037 de
1060 1996 1286 2050 Cepheide
1311 1997 1515 2046 Perseus,

330 2067 429 2107 Hoc
452 2067 504 2107 de
530 2067 745 2106 Ionstono
767 2071 811 2106 te
839 2066 1055 2107 meruisse
1082 2072 1204 2120 puta.

272 2136 528 2177 Haerebam
553 2135 734 2189 scopulo
761 2135 921 2176 vinclis
948 2142 1170 2184 oneratus,
1193 2143 1235 2177 et
1264 2135 1381 2177 hosti

329 2205 524 2246 Guttura
547 2205 813 2258 praebebam
838 2219 940 2246 mox
962 2204 1206 2259 iugulanda
1228 2205 1353 2246 truci.
1849 2217 1902 2246 20

272 2274 344 2315 Me
367 2280 444 2315 tua
468 2274 660 2316 servavit
685 2273 854 2328 pietas;
889 2274 999 2316 haec
1026 2288 1115 2315 una
1141 2281 1325 2316 catenas

329 2344 552 2398 Dempsit,
577 2350 619 2385 et
644 2344 687 2385 in
711 2343 913 2398 iugulum
937 2344 1026 2386 tela
1050 2350 1205 2398 parata
1230 2359 1395 2386 meum.

272 2412 357 2454 His
381 2428 460 2467 ego
484 2428 562 2467 pro
586 2412 770 2463 meritis,
796 2428 896 2455 cum
921 2413 1065 2455 desint
1090 2413 1289 2468 praemia
1311 2412 1442 2455 factis

330 2482 495 2537 Digna,
519 2489 624 2525 tuus
647 2481 770 2524 dicar
791 2489 971 2537 tempus
993 2482 1037 2523 in
1062 2497 1193 2524 omne
1216 2482 1369 2524 cliens.

201 2618 239 2649 In
270 2618 398 2651 edition
430 2620 470 2650 of
498 2619 549 2659 '32
574 2619 630 2650 the
654 2619 728 2650 title
753 2619 890 2651 Curiam
918 2629 1060 2660 appears
1089 2629 1126 2650 as
1154 2619 1330 2655 Senatum,
1354 2617 1422 2649 and
1449 2622 1483 2648 at
1511 2617 1568 2648 the
1595 2617 1688 2649 close
1711 2617 1751 2648 os
1774 2616 1846 2648 title
1874 2617 1902 2648 is

105 2673 213 2704 added
238 2678 346 2714 “post
370 2673 474 2705 latam
498 2674 746 2705 sententiam'⁷.
