2594 3749
616 371 665 402 10

1255 365 1461 399 Ακτιιυκ
1491 365 1763 409 JouNsToN.

1159 485 1216 526 II.
1255 485 1570 527 MUSARUM
1608 485 1859 527 ELOGIA.

1204 563 1326 614 (Only
1350 563 1390 601 in
1413 563 1494 601 Ed.
1515 563 1624 609 Del„
1650 564 1681 601 1.
1705 576 1743 612 p.
1766 562 1822 614 6.)

1387 660 1423 689 1.
1459 658 1645 689 URANlA.

842 723 973 764 Astra
996 720 1119 763 vides
1142 719 1256 768 istic,
1283 720 1500 763 Phoebeis
1522 720 1698 763 aemula
1720 719 1931 770 flammis,

903 790 1022 831 Nata
1046 788 1261 844 Lycaonii
1285 803 1396 843 pene
1424 791 1505 831 sub
1528 788 1628 844 igne
1651 788 1750 843 poli.

843 859 957 899 Ante
979 859 1268 912 tegebantur:
1303 857 1489 900 nebulas
1515 872 1633 900 nunc
1657 859 1818 899 Scotus
1840 864 1882 899 et
1906 857 2086 899 umbras

903 926 1112 975 Discutit,
1133 934 1176 968 et
1199 928 1334 968 donat
1358 933 1537 981 perpete
1560 926 1658 968 luce
1680 925 1777 968 frui.

844 997 1051 1051 Quantus
1073 995 1144 1037 hic
1167 1002 1249 1045 est,
1274 995 1382 1050 ipsis
1405 995 1549 1037 lucem
1573 994 1647 1049 qui
1670 994 1838 1037 fenerat
1862 993 2027 1037 astris?

903 1065 1037 1106 Hunc
1061 1062 1231 1106 socium
1255 1071 1374 1106 certe
1401 1064 1606 1106 Phoebus
1629 1063 1808 1105 honoris
1831 1063 1979 1105 habet.

1358 1168 1398 1199 2.
1432 1167 1668 1198 EUTERPE.

847 1228 934 1271 Hic
958 1229 1078 1272 Scoti
1103 1236 1316 1285 congesta
1339 1244 1475 1271 manu
1500 1229 1715 1284 Fergusia
1738 1229 1883 1271 cernis

902 1298 1071 1349 Sidera,
1096 1313 1208 1352 quae
1230 1298 1426 1341 tenebris
1449 1313 1596 1341 mersa
1617 1298 1738 1341 fuere
1760 1298 1896 1353 prius.

846 1366 962 1409 Tota
986 1366 1120 1409 micat
1144 1367 1286 1409 stellis
1309 1381 1412 1422 pars
1435 1367 1544 1409 caeli
1568 1368 1736 1417 dextra,
1760 1367 1842 1409 sub
1866 1366 1941 1409 illa

905 1435 1134 1478 Sideribus
1155 1436 1320 1490 pariter
1343 1436 1494 1478 Scotia
1516 1442 1611 1478 tota
1634 1435 1760 1477 nitet.

849 1503 1003 1546 Sidera
1026 1504 1243 1546 sideribus
1266 1505 1439 1547 confer:
1475 1519 1562 1546 non
1585 1504 1793 1546 omnibus
1815 1504 1905 1554 illa,

906 1573 1038 1615 Astra
1062 1573 1331 1616 Caledoniae
1354 1573 1501 1627 gentis
1528 1573 1690 1628 ubique
1716 1572 1898 1615 micant.

1361 1677 1401 1717 3.
1435 1677 1678 1707 CALLIOPE.

847 1736 1037 1780 Vatibus
1059 1739 1248 1781 Arctoae
1268 1738 1416 1793 gentis
1438 1738 1678 1781 Tarvatius
1699 1738 1829 1781 heros

907 1807 965 1848 Et
989 1806 1133 1849 lucem
1157 1814 1199 1849 et
1222 1807 1376 1859 vitam,
1401 1822 1535 1863 quam
1563 1822 1777 1858 meruere,
1801 1807 1934 1850 dedit.

851 1875 949 1916 Hos
972 1875 1104 1918 simul
1127 1877 1322 1919 ostendit
1346 1878 1523 1926 mundo,
1545 1876 1762 1932 disparuit
1786 1875 1943 1932 ingens

907 1942 1060 1986 Turba
1083 1945 1337 1996 Poetarum,
1361 1945 1456 1988 visa
1482 1945 1622 1988 nitere
1650 1945 1783 2000 prius.

852 2013 998 2067 Quam
1023 2014 1182 2056 meruit
1206 2014 1417 2057 laudem?
1480 2016 1605 2070 Quae
1627 2013 1766 2056 vitam
1791 2013 1910 2056 mille
1935 2013 2084 2056 Poetis

907 2081 1085 2132 Attulit,
1111 2082 1219 2125 haec
1243 2084 1399 2125 eadem
1424 2085 1604 2126 dextera
1627 2083 1748 2125 mille
1771 2089 1916 2125 necat.

1394 2188 1433 2228 4.
1469 2185 1655 2216 THALIA.

852 2244 1059 2288 Vidimus
1081 2247 1304 2290 ambrosio
1327 2254 1553 2290 saturatos
1575 2254 1752 2290 nectare
1775 2247 1906 2290 flores

910 2314 1026 2356 Itala
1048 2329 1172 2369 quos,
1197 2323 1240 2358 et
1263 2331 1374 2371 quos
1398 2316 1568 2359 Celtica
1589 2316 1700 2358 fudit
1724 2316 1901 2358 humus.

855 2381 1092 2425 Cernimus
1115 2385 1185 2427 hic
1209 2400 1321 2440 quos
1342 2393 1460 2427 terra
1482 2384 1583 2426 tulit
1606 2384 1752 2427 vicina
1777 2386 1961 2435 Bootae,

909 2450 1047 2494 Terra
1069 2453 1280 2507 pruinosa
1303 2455 1385 2496 sub
1409 2468 1519 2495 cane
1542 2459 1662 2495 tecta
1685 2453 1799 2495 nive.

853 2518 938 2561 Est
959 2520 1148 2564 fecunda
1171 2522 1348 2576 quidem
1373 2522 1517 2570 tellus,
1540 2536 1653 2576 quae
1677 2521 1860 2576 protulit
1885 2521 1998 2571 illos,

911 2588 995 2642 Qui
1019 2589 1120 2631 tulit
1145 2591 1225 2632 hos
1249 2590 1410 2641 Scotis‚
1434 2597 1501 2632 est
1526 2604 1654 2645 mage
1677 2590 1824 2632 cultus
1848 2604 1964 2644 ager.

1430 2693 1467 2734 5.
1503 2693 1624 2723 CLlo.

851 2752 1041 2807 Augusti
1065 2754 1209 2809 pietas
1232 2755 1389 2798 mediis
1411 2770 1462 2797 ex
1486 2755 1663 2809 ignibus
1686 2755 1790 2797 olim

913 2821 1042 2865 Eruit
1065 2824 1228 2866 Andini
1253 2824 1398 2866 nobile
1421 2824 1536 2865 vatis
1558 2838 1683 2878 opus.

854 2890 983 2932 Eruit
1007 2905 1030 2933 e
1053 2893 1246 2935 tenebris
1269 2895 1457 2935 Arctoae
1480 2892 1679 2934 carmina
1701 2892 1848 2945 gentis

911 2960 1087 3010 Scotus,
1112 2961 1372 3016 Apollineae
1397 2960 1578 3015 signifer
1600 2960 1694 3015 ipse
1716 2960 1888 3016 gregis:
