2594 3749
701 313 784 357 226
1476 327 1716 361 PARERGA.

700 723 916 764 XXXVI.
958 723 1307 778 Προπεμπτικὸν
1343 727 1426 768 AD
1468 726 1859 771 ILLUSTRISS.
1901 729 2255 771 PRINCIPEM
2301 731 2498 774 LUDO·

873 805 1096 854 VICUM,
1128 806 1356 848 COMITEM
1393 808 1691 858 PALAT1NUM,
1726 809 1903 850 DUCEM
1939 810 2194 859 BAVARIAE,
2226 821 2326 852 ETc.

871 953 1047 995 Arcturi
1071 953 1159 995 iarn
1184 954 1307 997 sidus
1329 957 1482 1005 adest;
1516 962 1559 998 et
1582 956 1770 1010 portitor
1794 957 1965 1007 Helles,

932 1023 1036 1064 Mox
1058 1029 1136 1064 tua
1162 1024 1379 1066 Phoebeis
1401 1031 1527 1079 terga
1549 1033 1808 1079 prementur
1830 1025 1968 1080 equis.

874 1091 1055 1133 Laetior
1078 1092 1186 1133 Eois
1209 1093 1354 1147 proles
1383 1093 1656 1148 Hyperionis
1680 1094 1810 1136 undis

932 1160 1125 1211 Emicat,
1151 1168 1192 1203 et
1216 1162 1338 1203 luces
1362 1162 1528 1204 lentius
1551 1163 1612 1204 ire
1635 1163 1771 1205 iubet.

874 1229 1057 1283 Frigora
1080 1229 1322 1272 mitescunt
1345 1231 1591 1286 Zephyris:
1626 1246 1747 1274 mare
1770 1238 1989 1287 temperat
2013 1232 2127 1275 iras:

933 1299 1073 1340 Solvit
1096 1306 1139 1341 et
1164 1300 1373 1342 hibernas
1399 1300 1575 1342 mollior
1597 1315 1705 1343 aura
1727 1301 1868 1343 nives.
2553 1321 2557 1379 Ι

872 1368 1202 1423 Arboribusque
1225 1384 1380 1411 comae
1403 1371 1604 1421 redeunt,
1629 1377 1670 1412 et
1694 1370 1897 1425 gramina
1919 1371 2116 1425 campis:

934 1436 1145 1491 Pictaque
1168 1437 1373 1479 dissimili
1397 1444 1525 1493 prata
1548 1439 1694 1481 colore
1717 1439 1876 1481 nitent.
2550 1422 2555 1568 Ι

874 1506 932 1547 Et
956 1507 1185 1548 volucrum
1210 1507 1340 1549 laetis
1363 1515 1542 1550 resonat
1565 1509 1856 1550 concentibus
1879 1509 2044 1557 aether,

931 1575 990 1616 Et
1013 1589 1150 1629 pecus
1173 1575 1217 1617 in
1240 1575 1368 1618 viridi
1391 1576 1541 1618 ludere
1563 1577 1699 1631 gestit
1723 1577 1872 1619 humo.
2451 1591 2502 1619 10

873 1643 1037 1685 Omnia
1059 1658 1177 1686 nunc
1199 1651 1398 1687 vernant.
1462 1647 1565 1687 Heu
1589 1660 1722 1699 quarn
1747 1646 1891 1688 brevis
1914 1645 2000 1688 ista
2023 1646 2257 1700 voluptas!

931 1713 1041 1754 Cras
1064 1720 1242 1755 sument
1264 1714 1416 1756 vultus
1438 1721 1555 1756 terra
1578 1715 1792 1768 polusque
1815 1729 1969 1757 novos.

875 1782 971 1836 Quo
993 1781 1194 1833 fruimur,
1219 1782 1324 1824 laeti
1347 1782 1463 1825 veris
1485 1783 1674 1837 vestigia
1696 1783 1833 1834 nulla,

932 1851 1066 1893 Nulla
1091 1851 1359 1894 Cheremoni
1382 1852 1526 1906 gratia
1549 1852 1663 1894 ruris
1686 1853 1783 1894 erit.

874 1921 990 1961 Nate
1015 1921 1127 1970 Deo,
1153 1921 1393 1972 Ludovice,
1418 1936 1528 1977 puer
1549 1936 1680 1976 quem
1705 1921 1890 1976 suscipit
1913 1922 2046 1972 orbis,

931 1990 1033 2044 Ipse
1056 1990 1126 2032 cui
1152 1991 1340 2033 Rhenus
1364 1991 1498 2033 servit
1522 1998 1564 2033 et
1589 1993 1708 2033 unda
1732 1991 1881 2041 Nicri;

873 2060 1037 2102 Omnia
1060 2076 1158 2103 cras
1180 2067 1327 2103 tecum
1352 2062 1606 2117 migrabunt
1629 2062 1818 2116 gaudia:
1853 2069 2002 2104 tecum
2542 2080 2571 2131 Ι

933 2129 1159 2172 Primitias
1182 2130 1286 2171 anni
1310 2130 1578 2185 deliciasque
1601 2131 1726 2172 feres.
2541 2134 2545 2181 Ι

874 2199 973 2239 Lux
996 2205 1037 2239 et
1061 2199 1200 2240 ocelle
1223 2199 1472 2250 hominum,
1495 2206 1540 2241 te
1563 2199 1832 2249 discedente,
1857 2199 2027 2241 colores
2540 2187 2543 2237 Ι

933 2267 1055 2309 Mille
1077 2268 1261 2310 trahens
1286 2283 1450 2316 secum,
1473 2283 1549 2310 ver
1571 2275 1697 2323 parat
1721 2269 1782 2310 ire
1806 2283 1968 2310 comes.
2447 2283 2500 2311 2ο
2538 2243 2557 2367 Ι

875 2337 1048 2392 Quique
1071 2338 1187 2380 nites
1208 2338 1339 2380 flores
1362 2338 1479 2380 inter
1500 2338 1828 2393 pulcherrimus
1850 2352 2022 2387 omnes,

930 2405 1046 2448 Tota
1069 2407 1228 2449 cohors
1250 2407 1421 2456 florum,
1444 2413 1488 2449 te
1510 2409 1636 2457 duce,
1661 2413 1810 2461 carpet
1834 2406 1930 2449 iter.
2536 2355 2562 2497 Ι

2534 2492 2539 2633 Ι

2533 2617 2536 2695 Ι

839 2552 864 2572 1.
890 2543 1052 2583 Arcturi.]
1098 2543 1171 2574 The
1195 2543 1342 2585 evening
1365 2543 1473 2586 rising
1495 2543 1536 2575 of
1554 2543 1611 2575 the
1637 2544 1713 2575 Star
1738 2543 1901 2575 Arcturus
1925 2542 2038 2575 marks
2058 2543 2091 2574 in
2112 2542 2407 2584 Hesiod.(Ol›1r‹1‚
2425 2544 2501 2584 564)

699 2596 755 2627 the
775 2596 897 2628 advent
915 2598 954 2628 of
965 2598 1092 2638 spring.

892 2652 1036 2683 Portitor
1056 2652 1204 2693 Helles]
1249 2652 1329 2693 (ῖ.ι’.,
1348 2653 1458 2694 Aries)
1477 2653 1556 2684 here
1574 2653 1605 2683 in
1625 2653 1682 2684 the
1700 2652 1875 2684 vocative:
1902 2654 1966 2684 “O
1983 2652 2101 2684 wafter
2118 2652 2157 2684 os
2171 2651 2305 2684 Helle'’

835 2717 864 2746 7.
890 2707 1139 2748 Arboribusque
1155 2708 1303 2747 comae]
1350 2708 1451 2739 From
1471 2708 1617 2744 Horace,
1636 2708 1762 2745 Carne„
1781 2708 1838 2740 IV.
1860 2717 1889 2748 7.

819 2771 865 2799 13.
892 2762 967 2802 Quo
984 2761 1151 2802 fruimur]
1197 2763 1225 2793 A
1250 2772 1385 2794 comma
1409 2762 1470 2793 has
1495 2762 1579 2793 been
1604 2761 1715 2793 added
1738 2768 1772 2794 to
1796 2761 1893 2793 make
1915 2761 2004 2793 clear
2021 2760 2078 2792 the
2095 2760 2266 2801 meaning.
2316 2761 2449 2792 “Ver
2473 2759 2501 2792 is

703 2815 907 2846 antecedent
924 2822 960 2846 to
980 2818 1001 2832 ‘⁴
1017 2826 1084 2857 quo
1097 2818 1128 2847 ''.
1177 2817 1215 2847 In
1233 2817 1254 2847 l.
1276 2826 1312 2856 15
1332 2820 1351 2833 ‘⁴
1365 2817 1506 2857 suscipit
1518 2818 1537 2831 '³
1556 2817 1595 2848 of
1614 2817 1670 2847 the
1687 2817 1834 2848 editions
1850 2826 1929 2857 may
1945 2816 1985 2847 be
2003 2825 2023 2847 a
2038 2815 2194 2856 misprint
2211 2815 2261 2846 sor
2280 2818 2299 2832 “
2312 2815 2453 2856 suspicit
2465 2815 2496 2847 ”.

818 2880 865 2910 ¹4·
892 2871 1125 2911 Cheremoni.]
1173 2871 1327 2912 Possibly
1344 2881 1386 2903 an
1405 2871 1549 2903 allusion
1567 2877 1602 2903 to
1620 2875 1640 2889 “
1657 2871 1851 2912 Domchery
1865 2872 1885 2886 ”
1903 2871 1935 2901 in
1953 2870 2111 2902 environs
2128 2870 2168 2902 of
2181 2870 2304 2901 Sedan.

818 2927 865 2956 16.
893 2925 1012 2965 Nicri.]
1059 2926 1132 2957 The
1152 2927 1296 2958 Neci-zar.
1345 2928 1423 2967 (See
1444 2928 1508 2959 No.
1526 2926 1641 2968 VIII.)
2050 2956 2057 2963 ‚
2528 2922 2537 2946 ⁸²
2582 2932 2594 2963 ’ᾗ
