2594 3749
54 2994 58 3049 1

55 3073 59 3102 i

59 3180 63 3252 i

62 3257 65 3294 l

333 348 401 381 ΟΝ
437 349 670 381 RUPTURE
702 348 937 380 RETWEEN
974 349 1170 381 FRANCE
1202 350 1307 381 AND
1340 350 1610 383 SCOTLAND.

247 467 475 509 Debuerat
499 466 674 517 saltem,
698 466 842 508 taedis
864 466 1087 520 praefecta
1114 467 1301 517 maritis,

306 537 404 578 Hoc
428 535 602 578 amoliri
625 537 825 590 pronuba
851 537 964 577 Iuno
987 536 1127 578 nefas.

248 607 373 647 Haec
398 605 572 659 quoties
595 605 740 648 socios
762 605 902 648 vinxit
928 606 1026 647 Dea
1049 605 1244 647 maxima
1270 607 1450 660 Reges?

305 675 459 717 Prisca
482 689 623 718 novus
647 675 820 729 quoties
841 675 1018 717 foedera
1041 675 1187 717 sanxit
1213 676 1426 729 Hymen?

247 745 378 787 Nunc
402 759 591 799 quoque,
617 759 751 799 quam
775 744 881 799 legit
906 744 1072 786 sociam
1098 744 1349 799 sceptrique
1372 744 1545 799 torique

303 815 503 863 Carolus,
527 821 594 856 est
621 814 758 869 Regis
781 821 889 856 nata
912 829 1124 869 sororque
1147 813 1228 856 tui.

248 885 388 939 Quem
414 890 544 926 vocat
567 884 643 925 illa
665 884 824 934 virum,
849 898 927 926 cur
948 884 1124 925 hostem
1150 883 1299 926 Gallia
1322 882 1464 925 dicis?

303 954 394 995 Cur
416 952 530 1007 petis
553 953 672 995 hunc
694 953 823 1003 ferro,
849 968 981 1007 quem
1005 953 1123 995 fovet
1147 953 1222 995 illa
1246 953 1380 994 sinu?

246 1021 292 1064 Si
316 1022 421 1076 quid
445 1022 590 1064 adhuc
613 1022 704 1064 irae
728 1030 946 1077 superest,
971 1023 1054 1064 hoc
1077 1029 1295 1077 temperet
1319 1022 1462 1064 hostis

306 1091 532 1141 Publicus,
557 1092 774 1134 auriferae
797 1092 867 1134 cui
889 1092 1166 1134 famulantur
1188 1107 1342 1146 aquae.

247 1162 367 1203 Dum
393 1161 537 1203 socios
559 1168 608 1203 tu
634 1163 779 1204 Marte
801 1161 931 1216 petis,
956 1162 1147 1204 crudelis
1170 1164 1226 1204 ad
1250 1161 1398 1204 Albim

304 1230 548 1281 Fulminat,
573 1237 630 1280 et,
656 1232 838 1285 dempto
861 1232 964 1281 fine,
988 1231 1235 1286 triumphat
1257 1232 1372 1273 Iber.

247 1300 338 1341 Sub
360 1299 463 1353 iuga
486 1299 575 1342 iam
601 1300 777 1350 missos,
805 1300 951 1342 Rheni
975 1315 1077 1342 cum
1101 1300 1313 1355 principe,
1341 1299 1476 1342 Boios

301 1369 490 1423 Aspicis,
515 1376 558 1411 et
587 1370 759 1420 Cattos,
790 1369 1123 1424 Saxonicosque
1151 1371 1301 1412 duces.

245 1439 459 1493 Quaeque
481 1438 571 1480 tuis
593 1438 698 1480 olim
724 1438 835 1481 fulta
858 1446 925 1481 est
948 1439 1207 1481 victricibus
1229 1438 1379 1488 armis,

304 1509 436 1550 Nunc
460 1523 541 1563 ope
566 1510 819 1551 substracta
842 1515 959 1551 terra
984 1510 1158 1552 Batava
1180 1509 1348 1551 tremit.

247 1578 348 1632 Ipse
373 1592 478 1620 suas
502 1578 697 1629 Cimber,
722 1579 881 1621 castris
904 1585 1080 1629 exutus,
1105 1580 1160 1620 ad
1183 1579 1327 1620 undas

304 1647 453 1701 Fugit,
479 1655 521 1689 et
545 1648 731 1690 extremi
755 1648 882 1690 littus
906 1648 1073 1690 inerme
1095 1648 1211 1690 freti.

245 1716 330 1772 Qui
354 1716 470 1771 regis
492 1719 681 1759 Arctoos
703 1717 908 1772 populos,
933 1717 1007 1772 qui
1032 1717 1203 1760 Celtica
1227 1716 1363 1758 libras

304 1787 505 1841 Sceptra,
530 1801 715 1841 gemens
737 1793 932 1829 vestram
956 1802 1074 1829 nunc
1097 1787 1208 1841 petit
1232 1786 1349 1828 orbis
1372 1800 1517 1840 opem.

247 1855 426 1909 Iungite
449 1855 669 1897 fraternas
693 1855 839 1905 acies3
873 1856 984 1898 ferat
1009 1870 1098 1898 una
1122 1870 1199 1910 per
1222 1869 1387 1908 aequor

302 1925 421 1966 Aura
446 1924 721 1978 Leonigeras
744 1924 1054 1979 Liligerasque
1077 1931 1210 1966 rates.

246 1994 440 2036 Stertere
463 1994 530 2035 fas
553 2008 640 2036 non
664 2001 746 2044 est,
772 1994 892 2036 urbis
915 2009 1016 2037 cum
1040 1994 1274 2036 moenibus
1297 1992 1442 2034 hostis

304 2063 530 2114 Imminet,
555 2070 598 2105 et
621 2064 824 2118 iugulum
848 2064 1052 2106 cominus
1075 2078 1180 2105 ense
1204 2062 1330 2118 petit.

247 2132 441 2187 Imperii,
468 2133 708 2184 Ludovice,
732 2133 797 2175 tui
821 2133 1113 2188 circumspice
1136 2134 1273 2174 fines:

303 2202 454 2257 Cingit
479 2204 580 2245 Iber
602 2203 812 2258 quicquid
836 2204 917 2246 sub
941 2203 1107 2245 ditione
1129 2209 1270 2245 tenes.

246 2271 339 2313 Nec
363 2271 550 2326 sceptris
573 2279 622 2314 tu
644 2273 730 2314 fide
753 2272 912 2323 tribus,
937 2272 1178 2314 fortissime
1202 2286 1355 2326 regum

303 2341 478 2392 Carole,
502 2355 598 2392 nec,
623 2341 708 2388 tria
732 2356 845 2396 quae
869 2348 1045 2396 sceptra
1068 2348 1264 2391 tuentur,
1290 2340 1434 2394 aquis.

247 2410 372 2452 Iusta
395 2417 542 2452 metus
565 2425 702 2452 causa
725 2417 807 2462 est,
833 2412 1035 2453 Batavus
1059 2410 1093 2452 si
1117 2409 1313 2465 porrigat
1337 2409 1536 2459 herbam,

304 2479 491 2521 Baetica
511 2480 581 2522 vel
604 2480 773 2522 fractus
795 2482 877 2522 sub
901 2480 1003 2535 iuga
1028 2480 1207 2522 Cimber
1232 2486 1319 2521 eat.

246 2548 306 2589 Hi
330 2563 451 2590 mare
474 2563 592 2591 nunc
615 2549 805 2600 sulcant,
827 2551 943 2603 quod
966 2557 1014 2591 tu
1038 2564 1141 2590 mox
1164 2563 1311 2603 puppe
1339 2547 1528 2598 secabiS,

305 2618 408 2660 Una
432 2618 554 2660 salus
577 2632 747 2669 omnes,
772 2634 862 2661 una
884 2618 1012 2660 ruina
1036 2624 1202 2661 manet.

191 2751 260 2782 131.
287 2742 395 2774 Rheni
412 2754 489 2775 cum
507 2743 685 2785 principe]
730 2743 805 2775 The
822 2744 937 2775 Count
955 2743 1108 2776 Palatine
1125 2744 1165 2775 of
1175 2743 1233 2774 the
1252 2742 1372 2774 Rhine.
1421 2742 1485 2773 See
1503 2742 1570 2774 No.
1592 2742 1689 2772 VIII.

191 2806 260 2837 132.
287 2798 586 2839 Boios—Cattos]
632 2799 969 2831 Bohemia—Hesse.

190 2861 260 2892 147.
286 2852 439 2894 Porrigat
461 2854 625 2892 herbam.]

84 2918 110 2929 =
127 2903 239 2936 beasts
255 2906 294 2937 of
306 2907 362 2937 the
380 2907 459 2938 field
476 2919 483 2946 3
506 2907 550 2949 cf.
572 2907 745 2939 “herbam
763 2908 842 2939 dare
855 2909 874 2922 '⁷
892 2908 924 2939 in
945 2908 1107 2939 Lexicon.

191 2962 259 3000 148.
284 2961 448 3002 Cimber.]
496 2962 587 3002 King
603 2962 643 2993 of
656 2963 839 2995 Denmark.

680 2854 709 2884 A
734 2854 855 2894 phrase
878 2854 928 2885 for
956 2853 1129 2894 “owning
1150 2852 1287 2884 oneself
1304 2853 1511 2889 beaten‚’'as
1528 2851 1557 2882 if
1572 2851 1743 2883 confessin

1801 343 1879 397 187

1796 551 1877 580 120

1800 1244 1879 1282 130

1801 1936 1881 1976 140

1799 2628 1878 2668 150

1749 2856 1821 2881 orto
1836 2850 1879 2881 be
