<?xml version="1.0" encoding="UTF-8"?>
<!DOCTYPE html PUBLIC "-//W3C//DTD XHTML 1.0 Transitional//EN"
    "http://www.w3.org/TR/xhtml1/DTD/xhtml1-transitional.dtd">
<html xmlns="http://www.w3.org/1999/xhtml" xml:lang="en" lang="en">
 <head>
  <title>
</title>
<meta http-equiv="Content-Type" content="text/html;charset=utf-8" />
  <meta name='ocr-system' content='tesseract 3.04.00' />
  <meta name='ocr-capabilities' content='ocr_page ocr_carea ocr_par ocr_line ocrx_word'/>
</head>
<body>
  <div class='ocr_page' id='page_1' title='image "./musalatinaaberdo01gedduoft_0221.png"; bbox 0 0 2594 3749; ppageno 0'>
   <div class='ocr_carea' id='block_1_1' title="bbox 449 327 1537 374">
    <p class='ocr_par' dir='ltr' id='par_1_1' title="bbox 449 327 1537 374">
     <span class='ocr_line' id='line_1_1' title="bbox 449 327 1537 374; baseline -0.002 -15"><span class='ocrx_word' id='word_1_1' title='bbox 449 327 784 360; x_wconf 71' lang='lat' dir='ltr'><strong>CONDOLENCE</strong></span> <span class='ocrx_word' id='word_1_2' title='bbox 818 327 950 374; x_wconf 56' lang='lat' dir='ltr'>WITH</span> <span class='ocrx_word' id='word_1_3' title='bbox 987 327 1162 358; x_wconf 78' lang='lat' dir='ltr'>BISIIOI&#39;</span> <span class='ocrx_word' id='word_1_4' title='bbox 1201 327 1304 358; x_wconf 76' lang='lat' dir='ltr'><strong>PAT.</strong></span> <span class='ocrx_word' id='word_1_5' title='bbox 1339 327 1537 358; x_wconf 66' lang='lat' dir='ltr'>FORBES.</span> 
     </span>
    </p>
   </div>
   <div class='ocr_carea' id='block_1_2' title="bbox 262 443 1442 1050">
    <p class='ocr_par' dir='ltr' id='par_1_2' title="bbox 262 443 1442 1050">
     <span class='ocr_line' id='line_1_2' title="bbox 320 443 1374 500; baseline -0.003 -13"><span class='ocrx_word' id='word_1_6' title='bbox 320 447 451 487; x_wconf 90' lang='lat' dir='ltr'>Nunc</span> <span class='ocrx_word' id='word_1_7' title='bbox 475 444 649 500; x_wconf 89' lang='lat' dir='ltr'>piceata</span> <span class='ocrx_word' id='word_1_8' title='bbox 676 443 806 498; x_wconf 85' lang='lat' dir='ltr'>rapit,</span> <span class='ocrx_word' id='word_1_9' title='bbox 831 457 949 486; x_wconf 88' lang='lat' dir='ltr'>nunc</span> <span class='ocrx_word' id='word_1_10' title='bbox 976 443 1172 485; x_wconf 67' lang='lat' dir='ltr'>violenta</span> <span class='ocrx_word' id='word_1_11' title='bbox 1199 458 1374 484; x_wconf 89' lang='lat' dir='ltr'>manus.</span> 
     </span>
     <span class='ocr_line' id='line_1_3' title="bbox 263 512 1411 568; baseline -0.003 -12"><span class='ocrx_word' id='word_1_12' title='bbox 263 516 322 556; x_wconf 85' lang='lat' dir='ltr'>Et</span> <span class='ocrx_word' id='word_1_13' title='bbox 346 513 486 568; x_wconf 89' lang='lat' dir='ltr'>patris</span> <span class='ocrx_word' id='word_1_14' title='bbox 509 514 758 555; x_wconf 88' lang='lat' dir='ltr'>obscoenus</span> <span class='ocrx_word' id='word_1_15' title='bbox 781 513 862 554; x_wconf 92' lang='lat' dir='ltr'>sub</span> <span class='ocrx_word' id='word_1_16' title='bbox 885 512 1022 553; x_wconf 91' lang='lat' dir='ltr'>olenti</span> <span class='ocrx_word' id='word_1_17' title='bbox 1045 512 1210 553; x_wconf 86' lang='lat' dir='ltr'>fornice</span> <span class='ocrx_word' id='word_1_18' title='bbox 1233 518 1411 566; x_wconf 83' lang='lat' dir='ltr'>gnatus,</span> 
     </span>
     <span class='ocr_line' id='line_1_4' title="bbox 321 580 1163 635; baseline -0.005 -11"><span class='ocrx_word' id='word_1_19' title='bbox 321 583 380 624; x_wconf 91' lang='lat' dir='ltr'>Et</span> <span class='ocrx_word' id='word_1_20' title='bbox 404 581 571 624; x_wconf 90' lang='lat' dir='ltr'>lasciva</span> <span class='ocrx_word' id='word_1_21' title='bbox 593 581 673 623; x_wconf 89' lang='lat' dir='ltr'>viri</span> <span class='ocrx_word' id='word_1_22' title='bbox 697 580 887 635; x_wconf 86' lang='lat' dir='ltr'>prodigit</span> <span class='ocrx_word' id='word_1_23' title='bbox 912 595 1022 622; x_wconf 79' lang='lat' dir='ltr'>uxor</span> <span class='ocrx_word' id='word_1_24' title='bbox 1043 594 1163 633; x_wconf 71' lang='lat' dir='ltr'>opes</span> 
     </span>
     <span class='ocr_line' id='line_1_5' title="bbox 263 647 1442 704; baseline -0.003 -12"><span class='ocrx_word' id='word_1_25' title='bbox 263 650 309 693; x_wconf 90' lang='lat' dir='ltr'>Si</span> <span class='ocrx_word' id='word_1_26' title='bbox 334 650 437 704; x_wconf 90' lang='lat' dir='ltr'>quid</span> <span class='ocrx_word' id='word_1_27' title='bbox 461 650 607 692; x_wconf 90' lang='lat' dir='ltr'>adhuc</span> <span class='ocrx_word' id='word_1_28' title='bbox 631 655 833 703; x_wconf 80' lang='lat' dir='ltr'>superest</span> <span class='ocrx_word' id='word_1_29' title='bbox 856 654 921 690; x_wconf 89' lang='lat' dir='ltr'>tot</span> <span class='ocrx_word' id='word_1_30' title='bbox 946 655 1044 702; x_wconf 89' lang='lat' dir='ltr'>post</span> <span class='ocrx_word' id='word_1_31' title='bbox 1069 647 1317 702; x_wconf 89' lang='lat' dir='ltr'>dispendia,</span> <span class='ocrx_word' id='word_1_32' title='bbox 1342 647 1442 689; x_wconf 92' lang='lat' dir='ltr'>lites</span> 
     </span>
     <span class='ocr_line' id='line_1_6' title="bbox 321 716 1432 772; baseline -0.003 -11"><span class='ocrx_word' id='word_1_33' title='bbox 321 720 442 761; x_wconf 92' lang='lat' dir='ltr'>Dum</span> <span class='ocrx_word' id='word_1_34' title='bbox 465 719 701 768; x_wconf 83' lang='lat' dir='ltr'>trahimus,</span> <span class='ocrx_word' id='word_1_35' title='bbox 727 719 853 760; x_wconf 88' lang='lat' dir='ltr'>laevo</span> <span class='ocrx_word' id='word_1_36' title='bbox 877 718 1031 767; x_wconf 83' lang='lat' dir='ltr'><strong>sidere,</strong></span> <span class='ocrx_word' id='word_1_37' title='bbox 1057 719 1223 772; x_wconf 88' lang='lat' dir='ltr'>praeda</span> <span class='ocrx_word' id='word_1_38' title='bbox 1245 716 1326 758; x_wconf 86' lang='lat' dir='ltr'>fori</span> <span class='ocrx_word' id='word_1_39' title='bbox 1350 723 1432 758; x_wconf 85' lang='lat' dir='ltr'>est.</span> 
     </span>
     <span class='ocr_line' id='line_1_7' title="bbox 262 785 1348 842; baseline -0.003 -12"><span class='ocrx_word' id='word_1_40' title='bbox 262 789 349 831; x_wconf 88' lang='lat' dir='ltr'>Sed</span> <span class='ocrx_word' id='word_1_41' title='bbox 372 788 482 830; x_wconf 89' lang='lat' dir='ltr'>levis</span> <span class='ocrx_word' id='word_1_42' title='bbox 505 795 571 829; x_wconf 91' lang='lat' dir='ltr'>est</span> <span class='ocrx_word' id='word_1_43' title='bbox 594 802 746 842; x_wconf 84' lang='lat' dir='ltr'>gazae,</span> <span class='ocrx_word' id='word_1_44' title='bbox 772 787 881 828; x_wconf 86' lang='lat' dir='ltr'>levis</span> <span class='ocrx_word' id='word_1_45' title='bbox 904 794 970 828; x_wconf 93' lang='lat' dir='ltr'>est</span> <span class='ocrx_word' id='word_1_46' title='bbox 995 786 1167 828; x_wconf 87' lang='lat' dir='ltr'>iactura</span> <span class='ocrx_word' id='word_1_47' title='bbox 1189 785 1348 840; x_wconf 89' lang='lat' dir='ltr'>peculi,</span> 
     </span>
     <span class='ocr_line' id='line_1_8' title="bbox 320 857 1259 912; baseline -0.003 -13"><span class='ocrx_word' id='word_1_48' title='bbox 320 857 446 899; x_wconf 88' lang='lat' dir='ltr'>Aeris</span> <span class='ocrx_word' id='word_1_49' title='bbox 469 872 604 912; x_wconf 84' lang='lat' dir='ltr'>egens</span> <span class='ocrx_word' id='word_1_50' title='bbox 627 857 773 899; x_wconf 89' lang='lat' dir='ltr'>famae</span> <span class='ocrx_word' id='word_1_51' title='bbox 797 858 901 898; x_wconf 89' lang='lat' dir='ltr'>dum</span> <span class='ocrx_word' id='word_1_52' title='bbox 929 864 1082 898; x_wconf 88' lang='lat' dir='ltr'>tueare</span> <span class='ocrx_word' id='word_1_53' title='bbox 1110 857 1259 898; x_wconf 87' lang='lat' dir='ltr'>decus.</span> 
     </span>
     <span class='ocr_line' id='line_1_9' title="bbox 262 925 1417 978; baseline -0.003 -10"><span class='ocrx_word' id='word_1_54' title='bbox 262 926 398 968; x_wconf 87' lang='lat' dir='ltr'>Livor</span> <span class='ocrx_word' id='word_1_55' title='bbox 419 926 464 967; x_wconf 90' lang='lat' dir='ltr'>in</span> <span class='ocrx_word' id='word_1_56' title='bbox 487 927 602 968; x_wconf 90' lang='lat' dir='ltr'>hanc</span> <span class='ocrx_word' id='word_1_57' title='bbox 625 928 781 968; x_wconf 89' lang='lat' dir='ltr'>dentes</span> <span class='ocrx_word' id='word_1_58' title='bbox 805 925 924 967; x_wconf 81' lang='lat' dir='ltr'>acuit</span> <span class='ocrx_word' id='word_1_59' title='bbox 950 925 1140 966; x_wconf 84' lang='lat' dir='ltr'>crudelis</span> <span class='ocrx_word' id='word_1_60' title='bbox 1164 932 1205 966; x_wconf 94' lang='lat' dir='ltr'>et</span> <span class='ocrx_word' id='word_1_61' title='bbox 1230 938 1417 978; x_wconf 80' lang='lat' dir='ltr'>ungueS,</span> 
     </span>
     <span class='ocr_line' id='line_1_10' title="bbox 320 993 1375 1050; baseline -0.003 -13"><span class='ocrx_word' id='word_1_62' title='bbox 320 997 379 1037; x_wconf 80' lang='lat' dir='ltr'>Et</span> <span class='ocrx_word' id='word_1_63' title='bbox 402 997 507 1037; x_wconf 89' lang='lat' dir='ltr'>dum</span> <span class='ocrx_word' id='word_1_64' title='bbox 532 996 667 1050; x_wconf 82' lang='lat' dir='ltr'>serpit</span> <span class='ocrx_word' id='word_1_65' title='bbox 691 995 830 1045; x_wconf 90' lang='lat' dir='ltr'>humi,</span> <span class='ocrx_word' id='word_1_66' title='bbox 856 994 917 1036; x_wconf 76' lang='lat' dir='ltr'>nil</span> <span class='ocrx_word' id='word_1_67' title='bbox 940 995 1024 1035; x_wconf 91' lang='lat' dir='ltr'>nisi</span> <span class='ocrx_word' id='word_1_68' title='bbox 1049 1009 1225 1036; x_wconf 88' lang='lat' dir='ltr'>summa</span> <span class='ocrx_word' id='word_1_69' title='bbox 1249 993 1375 1048; x_wconf 88' lang='lat' dir='ltr'>petit.</span> 
     </span>
    </p>
   </div>
   <div class='ocr_carea' id='block_1_3' title="bbox 265 1062 1549 1119">
    <p class='ocr_par' dir='ltr' id='par_1_3' title="bbox 265 1062 1549 1119">
     <span class='ocr_line' id='line_1_11' title="bbox 265 1062 1549 1119; baseline -0.003 -12"><span class='ocrx_word' id='word_1_70' title='bbox 265 1066 364 1106; x_wconf 92' lang='lat' dir='ltr'>Hoc</span> <span class='ocrx_word' id='word_1_71' title='bbox 389 1079 563 1119; x_wconf 90' lang='lat' dir='ltr'>quoque</span> <span class='ocrx_word' id='word_1_72' title='bbox 586 1072 635 1106; x_wconf 92' lang='lat' dir='ltr'>tu</span> <span class='ocrx_word' id='word_1_73' title='bbox 659 1066 883 1119; x_wconf 88' lang='lat' dir='ltr'>quondam</span> <span class='ocrx_word' id='word_1_74' title='bbox 913 1064 1108 1113; x_wconf 77' lang='lat' dir='ltr'>sensisti,</span> <span class='ocrx_word' id='word_1_75' title='bbox 1133 1064 1325 1105; x_wconf 76' lang='lat' dir='ltr'>maxime</span> <span class='ocrx_word' id='word_1_76' title='bbox 1351 1062 1549 1111; x_wconf 88' lang='lat' dir='ltr'>Praesul,</span> 
     </span>
    </p>
   </div>
   <div class='ocr_carea' id='block_1_4' title="bbox 261 1134 1442 2020">
    <p class='ocr_par' dir='ltr' id='par_1_4' title="bbox 262 1134 1416 1328">
     <span class='ocr_line' id='line_1_12' title="bbox 319 1134 1229 1189; baseline -0.003 -12"><span class='ocrx_word' id='word_1_77' title='bbox 319 1136 404 1177; x_wconf 85' lang='lat' dir='ltr'>Sed</span> <span class='ocrx_word' id='word_1_78' title='bbox 428 1142 506 1177; x_wconf 90' lang='lat' dir='ltr'>tua</span> <span class='ocrx_word' id='word_1_79' title='bbox 529 1142 573 1177; x_wconf 94' lang='lat' dir='ltr'>te</span> <span class='ocrx_word' id='word_1_80' title='bbox 596 1135 740 1189; x_wconf 89' lang='lat' dir='ltr'>pietas</span> <span class='ocrx_word' id='word_1_81' title='bbox 762 1134 871 1176; x_wconf 84' lang='lat' dir='ltr'>texit</span> <span class='ocrx_word' id='word_1_82' title='bbox 895 1141 937 1175; x_wconf 91' lang='lat' dir='ltr'>et</span> <span class='ocrx_word' id='word_1_83' title='bbox 963 1134 1082 1175; x_wconf 87' lang='lat' dir='ltr'>alma</span> <span class='ocrx_word' id='word_1_84' title='bbox 1106 1135 1229 1175; x_wconf 88' lang='lat' dir='ltr'>fides.</span> 
     </span>
     <span class='ocr_line' id='line_1_13' title="bbox 262 1203 1416 1258; baseline -0.002 -12"><span class='ocrx_word' id='word_1_85' title='bbox 262 1205 348 1246; x_wconf 91' lang='lat' dir='ltr'>His</span> <span class='ocrx_word' id='word_1_86' title='bbox 371 1205 504 1255; x_wconf 89' lang='lat' dir='ltr'>mala,</span> <span class='ocrx_word' id='word_1_87' title='bbox 529 1205 564 1246; x_wconf 92' lang='lat' dir='ltr'>si</span> <span class='ocrx_word' id='word_1_88' title='bbox 587 1205 654 1246; x_wconf 89' lang='lat' dir='ltr'>fas</span> <span class='ocrx_word' id='word_1_89' title='bbox 677 1212 759 1254; x_wconf 82' lang='lat' dir='ltr'>est,</span> <span class='ocrx_word' id='word_1_90' title='bbox 785 1204 1029 1258; x_wconf 81' lang='lat' dir='ltr'>iungantur</span> <span class='ocrx_word' id='word_1_91' title='bbox 1050 1204 1241 1258; x_wconf 80' lang='lat' dir='ltr'>publica,</span> <span class='ocrx_word' id='word_1_92' title='bbox 1267 1203 1416 1244; x_wconf 90' lang='lat' dir='ltr'>luctus</span> 
     </span>
     <span class='ocr_line' id='line_1_14' title="bbox 316 1272 1259 1328; baseline -0.003 -12"><span class='ocrx_word' id='word_1_93' title='bbox 316 1273 440 1316; x_wconf 82' lang='lat' dir='ltr'>Trux</span> <span class='ocrx_word' id='word_1_94' title='bbox 462 1282 793 1328; x_wconf 84' lang='lat' dir='ltr'>argumentum,</span> <span class='ocrx_word' id='word_1_95' title='bbox 818 1273 1115 1326; x_wconf 83' lang='lat' dir='ltr'>materiesque</span> <span class='ocrx_word' id='word_1_96' title='bbox 1142 1272 1259 1314; x_wconf 88' lang='lat' dir='ltr'>novi.</span> 
     </span>
    </p>

    <p class='ocr_par' dir='ltr' id='par_1_5' title="bbox 261 1342 1442 1676">
     <span class='ocr_line' id='line_1_15' title="bbox 261 1342 1433 1398; baseline -0.003 -12"><span class='ocrx_word' id='word_1_97' title='bbox 261 1345 377 1386; x_wconf 90' lang='lat' dir='ltr'>Orbe</span> <span class='ocrx_word' id='word_1_98' title='bbox 400 1344 692 1398; x_wconf 82' lang='lat' dir='ltr'>triumphato,</span> <span class='ocrx_word' id='word_1_99' title='bbox 717 1344 888 1398; x_wconf 87' lang='lat' dir='ltr'>patriae</span> <span class='ocrx_word' id='word_1_100' title='bbox 911 1358 1028 1384; x_wconf 92' lang='lat' dir='ltr'>nunc</span> <span class='ocrx_word' id='word_1_101' title='bbox 1055 1343 1268 1384; x_wconf 79' lang='lat' dir='ltr'>Baeticus</span> <span class='ocrx_word' id='word_1_102' title='bbox 1291 1342 1433 1383; x_wconf 90' lang='lat' dir='ltr'>hostis</span> 
     </span>
     <span class='ocr_line' id='line_1_16' title="bbox 320 1412 1408 1466; baseline -0.002 -11"><span class='ocrx_word' id='word_1_103' title='bbox 320 1414 547 1464; x_wconf 89' lang='lat' dir='ltr'>Imminet,</span> <span class='ocrx_word' id='word_1_104' title='bbox 572 1421 614 1456; x_wconf 90' lang='lat' dir='ltr'>et</span> <span class='ocrx_word' id='word_1_105' title='bbox 637 1422 780 1456; x_wconf 86' lang='lat' dir='ltr'>terras</span> <span class='ocrx_word' id='word_1_106' title='bbox 805 1414 951 1455; x_wconf 85' lang='lat' dir='ltr'>Marte</span> <span class='ocrx_word' id='word_1_107' title='bbox 973 1413 1224 1466; x_wconf 88' lang='lat' dir='ltr'>fretumque</span> <span class='ocrx_word' id='word_1_108' title='bbox 1248 1412 1408 1466; x_wconf 89' lang='lat' dir='ltr'>quatit.</span> 
     </span>
     <span class='ocr_line' id='line_1_17' title="bbox 262 1482 1442 1537; baseline -0.003 -12"><span class='ocrx_word' id='word_1_109' title='bbox 262 1484 382 1525; x_wconf 90' lang='lat' dir='ltr'>Pone</span> <span class='ocrx_word' id='word_1_110' title='bbox 405 1490 555 1525; x_wconf 88' lang='lat' dir='ltr'>truces</span> <span class='ocrx_word' id='word_1_111' title='bbox 578 1483 752 1537; x_wconf 88' lang='lat' dir='ltr'>aquilae</span> <span class='ocrx_word' id='word_1_112' title='bbox 776 1482 1007 1524; x_wconf 84' lang='lat' dir='ltr'>Tartessia</span> <span class='ocrx_word' id='word_1_113' title='bbox 1031 1482 1157 1535; x_wconf 79' lang='lat' dir='ltr'>signa</span> <span class='ocrx_word' id='word_1_114' title='bbox 1181 1488 1442 1535; x_wconf 85' lang='lat' dir='ltr'>sequuntur,</span> 
     </span>
     <span class='ocr_line' id='line_1_18' title="bbox 321 1552 1374 1606; baseline -0.003 -12"><span class='ocrx_word' id='word_1_115' title='bbox 321 1552 470 1606; x_wconf 87' lang='lat' dir='ltr'>Iungit</span> <span class='ocrx_word' id='word_1_116' title='bbox 495 1560 537 1594; x_wconf 91' lang='lat' dir='ltr'>et</span> <span class='ocrx_word' id='word_1_117' title='bbox 560 1552 759 1594; x_wconf 84' lang='lat' dir='ltr'>Ausonio</span> <span class='ocrx_word' id='word_1_118' title='bbox 782 1567 883 1594; x_wconf 91' lang='lat' dir='ltr'>cum</span> <span class='ocrx_word' id='word_1_119' title='bbox 910 1553 1014 1593; x_wconf 84' lang='lat' dir='ltr'>Iove</span> <span class='ocrx_word' id='word_1_120' title='bbox 1039 1552 1208 1593; x_wconf 90' lang='lat' dir='ltr'>Caesar</span> <span class='ocrx_word' id='word_1_121' title='bbox 1228 1565 1374 1605; x_wconf 88' lang='lat' dir='ltr'>opem.</span> 
     </span>
     <span class='ocr_line' id='line_1_19' title="bbox 262 1620 1419 1676; baseline -0.003 -13"><span class='ocrx_word' id='word_1_122' title='bbox 262 1621 438 1676; x_wconf 82' lang='lat' dir='ltr'>Quique</span> <span class='ocrx_word' id='word_1_123' title='bbox 459 1621 541 1663; x_wconf 87' lang='lat' dir='ltr'>fuit</span> <span class='ocrx_word' id='word_1_124' title='bbox 566 1621 726 1671; x_wconf 77' lang='lat' dir='ltr'>socius,</span> <span class='ocrx_word' id='word_1_125' title='bbox 752 1636 869 1663; x_wconf 91' lang='lat' dir='ltr'>nunc</span> <span class='ocrx_word' id='word_1_126' title='bbox 892 1629 1024 1675; x_wconf 88' lang='lat' dir='ltr'>rupto</span> <span class='ocrx_word' id='word_1_127' title='bbox 1047 1622 1234 1670; x_wconf 84' lang='lat' dir='ltr'>foedere,</span> <span class='ocrx_word' id='word_1_128' title='bbox 1261 1620 1419 1662; x_wconf 89' lang='lat' dir='ltr'>Gallus</span> 
     </span>
    </p>

    <p class='ocr_par' dir='ltr' id='par_1_6' title="bbox 262 1690 1436 2020">
     <span class='ocr_line' id='line_1_20' title="bbox 318 1690 1258 1745; baseline -0.001 -14"><span class='ocrx_word' id='word_1_129' title='bbox 318 1690 511 1744; x_wconf 86' lang='lat' dir='ltr'>Tingere</span> <span class='ocrx_word' id='word_1_130' title='bbox 535 1690 806 1745; x_wconf 85' lang='lat' dir='ltr'>Grampiaco</span> <span class='ocrx_word' id='word_1_131' title='bbox 828 1690 918 1731; x_wconf 91' lang='lat' dir='ltr'>tela</span> <span class='ocrx_word' id='word_1_132' title='bbox 941 1704 1094 1732; x_wconf 90' lang='lat' dir='ltr'>cruore</span> <span class='ocrx_word' id='word_1_133' title='bbox 1117 1696 1258 1743; x_wconf 80' lang='lat' dir='ltr'>parat.</span> 
     </span>
     <span class='ocr_line' id='line_1_21' title="bbox 264 1758 1291 1813; baseline -0.001 -13"><span class='ocrx_word' id='word_1_134' title='bbox 264 1758 349 1800; x_wconf 90' lang='lat' dir='ltr'>His</span> <span class='ocrx_word' id='word_1_135' title='bbox 372 1765 498 1813; x_wconf 92' lang='lat' dir='ltr'>potes</span> <span class='ocrx_word' id='word_1_136' title='bbox 521 1766 563 1801; x_wconf 91' lang='lat' dir='ltr'>et</span> <span class='ocrx_word' id='word_1_137' title='bbox 587 1766 740 1800; x_wconf 90' lang='lat' dir='ltr'>nostra</span> <span class='ocrx_word' id='word_1_138' title='bbox 763 1758 930 1800; x_wconf 88' lang='lat' dir='ltr'>tristari</span> <span class='ocrx_word' id='word_1_139' title='bbox 954 1766 1086 1808; x_wconf 87' lang='lat' dir='ltr'>sorte,</span> <span class='ocrx_word' id='word_1_140' title='bbox 1110 1765 1291 1812; x_wconf 86' lang='lat' dir='ltr'>tuaque,</span> 
     </span>
     <span class='ocr_line' id='line_1_22' title="bbox 324 1827 1347 1884; baseline -0.001 -15"><span class='ocrx_word' id='word_1_141' title='bbox 324 1828 408 1884; x_wconf 85' lang='lat' dir='ltr'>Qui</span> <span class='ocrx_word' id='word_1_142' title='bbox 432 1828 677 1883; x_wconf 87' lang='lat' dir='ltr'>premimur</span> <span class='ocrx_word' id='word_1_143' title='bbox 698 1828 839 1870; x_wconf 90' lang='lat' dir='ltr'>tantis</span> <span class='ocrx_word' id='word_1_144' title='bbox 861 1828 1177 1880; x_wconf 77' lang='lat' dir='ltr'>obruimurque</span> <span class='ocrx_word' id='word_1_145' title='bbox 1202 1827 1347 1869; x_wconf 87' lang='lat' dir='ltr'>malis.</span> 
     </span>
     <span class='ocr_line' id='line_1_23' title="bbox 262 1896 1436 1945; baseline -0.001 -6"><span class='ocrx_word' id='word_1_146' title='bbox 262 1897 477 1940; x_wconf 89' lang='lat' dir='ltr'>Cladibus</span> <span class='ocrx_word' id='word_1_147' title='bbox 500 1898 570 1939; x_wconf 92' lang='lat' dir='ltr'>his</span> <span class='ocrx_word' id='word_1_148' title='bbox 592 1898 773 1939; x_wconf 82' lang='lat' dir='ltr'>fratrem</span> <span class='ocrx_word' id='word_1_149' title='bbox 797 1899 1064 1939; x_wconf 72' lang='lat' dir='ltr'>subductum</span> <span class='ocrx_word' id='word_1_150' title='bbox 1090 1896 1258 1945; x_wconf 84' lang='lat' dir='ltr'>cernis;</span> <span class='ocrx_word' id='word_1_151' title='bbox 1294 1896 1337 1937; x_wconf 92' lang='lat' dir='ltr'>in</span> <span class='ocrx_word' id='word_1_152' title='bbox 1361 1896 1436 1938; x_wconf 77' lang='lat' dir='ltr'>illo</span> 
     </span>
     <span class='ocr_line' id='line_1_24' title="bbox 321 1966 1335 2020; baseline -0.001 -13"><span class='ocrx_word' id='word_1_153' title='bbox 321 1966 545 2009; x_wconf 88' lang='lat' dir='ltr'>Laetitiae</span> <span class='ocrx_word' id='word_1_154' title='bbox 568 1981 743 2016; x_wconf 89' lang='lat' dir='ltr'>causas,</span> <span class='ocrx_word' id='word_1_155' title='bbox 768 1966 936 2020; x_wconf 88' lang='lat' dir='ltr'>optime</span> <span class='ocrx_word' id='word_1_156' title='bbox 960 1966 1159 2015; x_wconf 89' lang='lat' dir='ltr'>Praesul,</span> <span class='ocrx_word' id='word_1_157' title='bbox 1183 1966 1335 2007; x_wconf 90' lang='lat' dir='ltr'>habes.</span> 
     </span>
    </p>
   </div>
   <div class='ocr_carea' id='block_1_5' title="bbox 289 2120 1227 2272">
    <p class='ocr_par' dir='ltr' id='par_1_7' title="bbox 289 2120 1227 2272">
     <span class='ocr_line' id='line_1_25' title="bbox 289 2120 848 2162; baseline 0.002 -11"><span class='ocrx_word' id='word_1_158' title='bbox 289 2122 342 2160; x_wconf 86' lang='lat'>63.</span> <span class='ocrx_word' id='word_1_159' title='bbox 368 2121 528 2153; x_wconf 88' lang='lat' dir='ltr'>Baeticus</span> <span class='ocrx_word' id='word_1_160' title='bbox 547 2120 685 2161; x_wconf 63' lang='lat' dir='ltr'>hostis]</span> <span class='ocrx_word' id='word_1_161' title='bbox 732 2121 848 2162; x_wconf 88' lang='lat' dir='ltr'>Spain.</span> 
     </span>
     <span class='ocr_line' id='line_1_26' title="bbox 289 2175 1227 2217; baseline 0.001 -11"><span class='ocrx_word' id='word_1_162' title='bbox 289 2176 341 2216; x_wconf 84' lang='lat'>65.</span> <span class='ocrx_word' id='word_1_163' title='bbox 366 2176 538 2217; x_wconf 62' lang='lat' dir='ltr'>Aquilae]</span> <span class='ocrx_word' id='word_1_164' title='bbox 585 2176 767 2217; x_wconf 83' lang='lat' dir='ltr'>Germany,</span> <span class='ocrx_word' id='word_1_165' title='bbox 789 2176 871 2207; x_wconf 88' lang='lat' dir='ltr'>with</span> <span class='ocrx_word' id='word_1_166' title='bbox 888 2176 931 2207; x_wconf 90' lang='lat' dir='ltr'>its</span> <span class='ocrx_word' id='word_1_167' title='bbox 949 2176 1103 2217; x_wconf 88' lang='lat' dir='ltr'>imperial</span> <span class='ocrx_word' id='word_1_168' title='bbox 1120 2175 1227 2217; x_wconf 84' lang='lat' dir='ltr'>eagle.</span> 
     </span>
     <span class='ocr_line' id='line_1_27' title="bbox 289 2230 1048 2272; baseline -0.001 -10"><span class='ocrx_word' id='word_1_169' title='bbox 289 2231 341 2271; x_wconf 85' lang='lat'>65.</span> <span class='ocrx_word' id='word_1_170' title='bbox 367 2230 543 2262; x_wconf 82' lang='lat' dir='ltr'>Tartessia</span> <span class='ocrx_word' id='word_1_171' title='bbox 559 2231 686 2272; x_wconf 62' lang='lat' dir='ltr'>signa]</span> <span class='ocrx_word' id='word_1_172' title='bbox 732 2231 879 2272; x_wconf 86' lang='lat' dir='ltr'>Spanish</span> <span class='ocrx_word' id='word_1_173' title='bbox 897 2231 1048 2271; x_wconf 78' lang='lat' dir='ltr'>ensigns.</span> 
     </span>
    </p>
   </div>
   <div class='ocr_carea' id='block_1_6' title="bbox 288 2261 1664 2380">
    <p class='ocr_par' dir='ltr' id='par_1_8' title="bbox 288 2261 1664 2380">
     <span class='ocr_line' id='line_1_28' title="bbox 288 2261 1642 2325; baseline 0 -10"><span class='ocrx_word' id='word_1_174' title='bbox 288 2286 342 2315; x_wconf 88' lang='lat'>66.</span> <span class='ocrx_word' id='word_1_175' title='bbox 366 2285 521 2316; x_wconf 89' lang='lat' dir='ltr'>Ausonio</span> <span class='ocrx_word' id='word_1_176' title='bbox 538 2286 647 2325; x_wconf 91' lang='lat' dir='ltr'>Iove.]</span> <span class='ocrx_word' id='word_1_177' title='bbox 692 2285 778 2316; x_wconf 88' lang='lat' dir='ltr'>This</span> <span class='ocrx_word' id='word_1_178' title='bbox 794 2292 885 2316; x_wconf 85' lang='lat' dir='ltr'>must</span> <span class='ocrx_word' id='word_1_179' title='bbox 902 2286 943 2316; x_wconf 89' lang='lat' dir='ltr'>be</span> <span class='ocrx_word' id='word_1_180' title='bbox 959 2286 1017 2316; x_wconf 88' lang='lat' dir='ltr'>the</span> <span class='ocrx_word' id='word_1_181' title='bbox 1037 2286 1139 2325; x_wconf 85' lang='lat' dir='ltr'>Pope,</span> <span class='ocrx_word' id='word_1_182' title='bbox 1158 2295 1195 2316; x_wconf 85' lang='lat' dir='ltr'>as</span> <span class='ocrx_word' id='word_1_183' title='bbox 1213 2289 1232 2302; x_wconf 80' lang='lat'>‘⁴</span> <span class='ocrx_word' id='word_1_184' title='bbox 1245 2295 1265 2316; x_wconf 90' lang='lat' dir='ltr'>a</span> <span class='ocrx_word' id='word_1_185' title='bbox 1280 2261 1499 2325; x_wconf 70' lang='lat' dir='ltr'>fulminating</span> <span class='ocrx_word' id='word_1_186' title='bbox 1511 2286 1529 2299; x_wconf 87' lang='lat'>&#39;&#39;</span> <span class='ocrx_word' id='word_1_187' title='bbox 1547 2284 1642 2324; x_wconf 89' lang='lat' dir='ltr'>Jove.</span> 
     </span>
     <span class='ocr_line' id='line_1_29' title="bbox 290 2339 1664 2380; baseline -0.001 -10"><span class='ocrx_word' id='word_1_188' title='bbox 290 2340 343 2380; x_wconf 87' lang='lat'>67.</span> <span class='ocrx_word' id='word_1_189' title='bbox 370 2339 520 2379; x_wconf 85' lang='lat' dir='ltr'>Gallus.]</span> <span class='ocrx_word' id='word_1_190' title='bbox 570 2340 623 2372; x_wconf 92' lang='lat' dir='ltr'>On</span> <span class='ocrx_word' id='word_1_191' title='bbox 640 2340 698 2371; x_wconf 90' lang='lat' dir='ltr'>the</span> <span class='ocrx_word' id='word_1_192' title='bbox 715 2339 838 2371; x_wconf 81' lang='lat' dir='ltr'>breach</span> <span class='ocrx_word' id='word_1_193' title='bbox 856 2339 896 2371; x_wconf 91' lang='lat' dir='ltr'>of</span> <span class='ocrx_word' id='word_1_194' title='bbox 907 2340 1044 2371; x_wconf 85' lang='lat' dir='ltr'>ancient</span> <span class='ocrx_word' id='word_1_195' title='bbox 1062 2339 1193 2370; x_wconf 85' lang='lat' dir='ltr'>French</span> <span class='ocrx_word' id='word_1_196' title='bbox 1211 2339 1364 2377; x_wconf 84' lang='lat' dir='ltr'>alliance.</span> <span class='ocrx_word' id='word_1_197' title='bbox 1386 2350 1442 2371; x_wconf 86' lang='lat' dir='ltr'>see</span> <span class='ocrx_word' id='word_1_198' title='bbox 1459 2345 1537 2370; x_wconf 84' lang='lat' dir='ltr'>next</span> <span class='ocrx_word' id='word_1_199' title='bbox 1554 2348 1664 2380; x_wconf 87' lang='lat' dir='ltr'>poem.</span> 
     </span>
    </p>
   </div>
   <div class='ocr_carea' id='block_1_7' title="bbox 1814 330 1893 371">
    <p class='ocr_par' dir='ltr' id='par_1_9' title="bbox 1814 330 1893 371">
     <span class='ocr_line' id='line_1_30' title="bbox 1814 330 1893 371; baseline 0 0"><span class='ocrx_word' id='word_1_200' title='bbox 1814 330 1893 371; x_wconf 85' lang='lat'>179</span> 
     </span>
    </p>
   </div>
   <div class='ocr_carea' id='block_1_8' title="bbox 1840 454 1893 495">
    <p class='ocr_par' dir='ltr' id='par_1_10' title="bbox 1840 454 1893 495">
     <span class='ocr_line' id='line_1_31' title="bbox 1840 454 1893 495; baseline 0 -11"><span class='ocrx_word' id='word_1_201' title='bbox 1840 454 1893 495; x_wconf 82' lang='grc'>50</span> 
     </span>
    </p>
   </div>
   <div class='ocr_carea' id='block_1_9' title="bbox 1840 1132 1893 1173">
    <p class='ocr_par' dir='ltr' id='par_1_11' title="bbox 1840 1132 1893 1173">
     <span class='ocr_line' id='line_1_32' title="bbox 1840 1132 1893 1173; baseline 0 0"><span class='ocrx_word' id='word_1_202' title='bbox 1840 1132 1893 1173; x_wconf 84' lang='grc'>60</span> 
     </span>
    </p>
   </div>
   <div class='ocr_carea' id='block_1_10' title="bbox 1841 1835 1895 1877">
    <p class='ocr_par' dir='ltr' id='par_1_12' title="bbox 1841 1835 1895 1877">
     <span class='ocr_line' id='line_1_33' title="bbox 1841 1835 1895 1877; baseline 0 -12"><span class='ocrx_word' id='word_1_203' title='bbox 1841 1835 1895 1877; x_wconf 89' lang='grc'>70</span> 
     </span>
    </p>
   </div>
  </div>
 </body>
</html>
