2594 3749
571 339 634 372 TO
668 340 869 381 LUDVIG‚
903 340 1074 373 COUNT
1106 342 1366 374 PALATINE.

241 456 306 498 Te
330 471 486 499 crocus
508 462 551 498 et
573 455 729 506 violae,
751 463 794 498 te
818 457 909 498 lilia
932 464 1086 500 nostra
1108 465 1373 512 sequentur:

300 525 605 580 Sedaniasque
628 524 745 579 leget
767 524 985 567 Teutonis
1007 540 1083 567 ora
1106 540 1246 568 rosas.

243 596 374 650 Ipsae
397 595 533 636 etiam
557 609 764 648 egressae
787 595 912 637 silvis
935 602 977 636 et
1000 596 1121 649 prole
1144 596 1312 646 relicta,

297 663 362 706 Te
385 664 552 706 circum
575 665 741 705 densae
764 663 852 705 iam
875 664 1182 718 glomerantur
1203 679 1320 706 aves.

243 734 317 782 Ut,
339 747 603 788 quacunque
625 732 740 775 feras
762 748 958 788 gressus,
982 733 1253 775 comitentur
1275 741 1466 783 euntem,

299 802 517 845 Cantibus
540 809 583 844 et
605 802 762 844 fallant
785 801 932 844 taedia
955 802 1088 857 longa
1109 802 1217 844 viae.

241 872 499 923 Sedanium,
525 872 766 922 Ludovice‚
790 874 940 922 decus,
965 887 1046 914 sua
1068 873 1231 927 gaudia
1256 873 1411 915 Mosae

298 943 389 985 Cur
409 942 544 997 rapis,
568 948 611 984 et
634 948 741 984 noto
765 942 992 984 subtrahis
1014 956 1090 984 ora
1113 942 1248 997 polo?

239 1011 304 1054 Te
327 1026 513 1066 puerum
537 1011 702 1054 teneris
725 1013 830 1054 urbs
853 1012 964 1054 haec
987 1011 1137 1054 eduxit
1160 1012 1217 1054 ab
1239 1011 1395 1054 annis:

299 1082 426 1123 Haec
450 1082 605 1123 eadem
629 1081 762 1123 tellus
785 1080 963 1135 hospita
985 1081 1134 1123 fratris
1158 1088 1265 1123 erat.

241 1151 311 1193 Sis
334 1165 506 1193 memor
528 1150 674 1192 illius:
709 1165 797 1192 non
820 1157 864 1193 te
887 1150 1079 1192 nutricia
1100 1165 1236 1205 gazas

298 1219 459 1269 Poscit,
484 1220 748 1275 Erythraeis
771 1234 882 1274 quas
904 1219 1010 1274 legit
1035 1221 1174 1261 Indus
1197 1219 1338 1274 aquis.

241 1291 346 1345 Ipsa
369 1289 462 1332 suis
484 1296 696 1332 contenta
719 1289 862 1340 bonis,
887 1290 970 1332 hoc
993 1290 1190 1344 postulat
1215 1304 1368 1339 unum,

299 1360 436 1400 Posse
461 1358 655 1400 Palatini
678 1358 891 1414 principis
913 1373 986 1400 ore
1007 1359 1108 1401 frui.

240 1427 427 1482 Suseipe
448 1434 552 1469 vota
575 1442 698 1482 puer.
763 1429 865 1469 Non
888 1434 931 1469 te
953 1427 1025 1469 hic
1046 1427 1210 1469 vixisse
1232 1427 1411 1482 pigebit,

298 1496 566 1539 Caesaribus
586 1496 791 1551 quamvis
814 1496 876 1539 sis
898 1496 1112 1538 oriundus
1133 1495 1243 1538 avis·

243 1567 362 1609 Urbs
386 1566 502 1608 mole
524 1566 685 1621 exigua
707 1572 790 1616 est,
813 1566 981 1608 famam
1006 1567 1082 1607 sed
1105 1565 1317 1607 terminat
1339 1564 1499 1607 astris:

299 1636 394 1678 Nee
417 1635 518 1678 belli
542 1635 717 1686 studiis,
742 1650 875 1690 quam
899 1634 1079 1690 pietate,
1105 1634 1262 1676 minor.

241 1706 374 1748 Hanc
396 1705 563 1748 circum
587 1705 729 1748 niveis
751 1705 946 1748 volitans
968 1705 1154 1748 victoria
1177 1705 1336 1760 pennis

298 1776 464 1827 Ambit,
488 1783 531 1818 et
559 1776 729 1818 auratis
751 1775 893 1830 gloria
915 1782 1043 1818 vecta
1066 1775 1189 1817 rotis.

243 1847 375 1888 Hanc
397 1846 509 1901 regit
532 1845 717 1900 imperio
742 1847 938 1895 Mavors,
963 1852 1005 1887 et
1029 1845 1218 1899 protegit
1242 1845 1379 1887 armis

299 1915 533 1957 Bullonios
555 1915 672 1957 inter
692 1914 832 1970 gloria
860 1914 1003 1969 prima
1030 1915 1166 1955 duces
1185 1928 1194 1964 ;

242 1985 405 2028 Martia
426 1985 667 2027 fulmineae
690 1985 817 2027 cuius
841 1999 887 2026 se
912 1984 1061 2026 Gallia
1084 1985 1264 2025 dextrae

300 2055 460 2104 Debet,
485 2061 528 2096 et
551 2061 618 2096 est
640 2054 776 2096 toties
803 2068 889 2107 quo
912 2054 1022 2094 duce
1044 2053 1212 2094 fractus
1237 2053 1352 2094 Iber.

243 2124 324 2165 Ille
351 2138 498 2165 mares
520 2123 695 2165 animos
716 2122 880 2164 virtute
905 2129 946 2164 et
970 2121 1157 2164 fortibus
1183 2120 1305 2163 ausis

301 2192 504 2242 Instruit,
528 2192 732 2246 exemplo
753 2193 858 2233 dum
882 2190 1023 2246 praeit
1045 2191 1140 2245 ipse
1163 2205 1257 2232 suo.

242 2262 337 2304 Nec
359 2263 520 2303 desunt
545 2261 712 2303 Phoebi
739 2260 942 2310 comites,
965 2267 1042 2302 tua
1069 2274 1188 2310 cura,
1214 2260 1464 2308 Camenae;

300 2333 395 2374 Nec
418 2346 532 2386 quae
556 2331 781 2373 Pieridum
804 2336 1025 2385 temperat
1049 2331 1168 2372 unda
1190 2328 1321 2371 sitim.

243 2401 360 2456 Ipse,
384 2401 454 2443 cui
480 2397 653 2451 Musae,
677 2400 748 2444 cui
772 2401 990 2455 plectrum
1014 2401 1142 2442 cedat
1166 2399 1337 2454 Apollo,

301 2470 468 2513 Imbuit
491 2470 646 2513 Aoniis
668 2485 745 2512 ora
767 2470 953 2512 Tilenus
981 2469 1120 2524 aquis.

240 2540 423 2582 Artibus
445 2540 515 2582 his
537 2554 723 2595 puerum
748 2539 914 2582 Chiron
937 2539 1120 2593 perfecit
1142 2538 1363 2580 Achillem
1383 2552 1391 2586 ;

300 2609 360 2651 Et
383 2608 532 2651 docuit
555 2609 692 2651 fortes
713 2608 883 2663 plectra
911 2623 1088 2651 movere
1115 2622 1291 2650 manus.

243 2677 330 2719 His
351 2677 519 2720 fessum
544 2677 703 2720 studiis
726 2685 855 2720 vocat
879 2679 933 2720 ad
957 2677 1203 2720 certamina
1226 2676 1384 2727 circus,

181 2845 234 2875 44.
259 2835 464 2875 Bullonios.]
509 2835 575 2871 i.c.‚
594 2836 634 2868 of
647 2835 818 2869 Bouillon.
868 2837 947 2877 (See
963 2835 1039 2867 Vol.
1058 2836 1116 2875 11.,
1140 2836 1205 2867 No.
1225 2834 1412 2878 LXXXV.)

182 2898 234 2929 52.
259 2889 427 2930 Tilenus]
474 2890 607 2930 Daniel,
627 2900 693 2922 one
716 2890 756 2923 of
774 2891 832 2922 the
856 2894 876 2908 ‘⁴
893 2891 1103 2922 Professores
1118 2892 1136 2904 ''
1161 2896 1195 2921 at
1222 2889 1353 2921 Sedan:
1379 2889 1447 2921 and
1468 2899 1487 2920 a
1509 2889 1615 2920 friend
1632 2889 1671 2920 of
1683 2889 1865 2930 Johnston.

73 2942 149 2985 (See
165 2945 280 2985 above,
302 2956 356 2987 pp.
375 2955 463 2986 51-2,
484 2945 552 2977 and
568 2946 644 2978 Vol.
664 2946 723 2987 11„
745 2947 810 2980 No.
833 2946 990 2986 CXVII.‚
1010 2946 1051 2977 A.
1072 2947 1115 2986 1.)

1786 346 1866 388 227

1815 956 1868 995 30

1815 1647 1870 1687 40

1816 2340 1869 2381 50
