2594 3749
670 358 750 400 272

1449 354 1689 388 PARERGA.

900 474 1058 528 Vappa
1081 472 1201 522 levis,
1222 473 1438 528 templum
1464 488 1596 516 caeca
1618 475 1803 516 taberna
1825 473 1922 516 fuit.

843 542 1040 596 Legibus
1062 542 1198 584 elusis
1220 542 1391 597 occepit
1415 549 1555 597 nupta
1577 542 1738 591 vocari,

901 611 1089 653 Moecha
1113 611 1247 665 prius,
1269 611 1474 661 coniunx,
1495 611 1569 665 qui
1593 613 1724 654 modo
1746 612 1960 654 moechus
1981 618 2091 663 erat,

843 680 968 721 Leno
990 679 1130 734 patris
1151 680 1364 722 thalamis
1386 680 1618 730 successit,
1642 681 1844 722 adultera
1865 680 2030 731 fundis,

900 749 959 790 Et
982 749 1141 791 fruitur
1163 763 1323 791 census
1345 749 1433 791 iam
1458 750 1562 804 lupa
1586 750 1712 791 besse
1736 749 1837 791 mei.

844 818 948 859 Mox
971 817 1094 859 litem
1118 820 1171 860 de
1195 818 1270 860 lite
1294 833 1446 860 serens
1470 819 1714 868 Bucaulus,
1740 818 1883 860 avitas

900 887 1026 941 Quae
1049 887 1156 928 mihi
1180 889 1423 937 restabant,
1449 894 1516 929 est
1540 888 1780 942 populatus
1803 902 1925 942 opes.

844 956 903 997 Et
928 970 1026 997 mea
1049 971 1119 998 me
1142 970 1271 998 caeso
1295 956 1377 998 sibi
1401 956 1489 997 iam
1513 957 1809 1010 desponderat
1833 970 1952 1006 arva,

901 1026 989 1078 Spe
1011 1039 1099 1066 non
1123 1025 1283 1079 exigua
1306 1024 1487 1079 praedia
1509 1031 1604 1065 tota
1626 1038 1803 1066 vorans.

843 1094 930 1135 Sed
953 1093 1062 1135 levis
1085 1107 1304 1147 agrorum,
1326 1092 1435 1134 levis
1457 1099 1524 1134 est
1548 1092 1720 1134 iactura
1743 1092 1903 1147 peculi,

902 1162 959 1203 Ni
982 1162 1093 1203 foret
1117 1169 1159 1203 et
1181 1162 1327 1204 famae
1350 1161 1502 1203 iuncta
1524 1160 1652 1203 ruina
1674 1175 1814 1203 meae.

844 1232 975 1272 Hanc
999 1245 1172 1285 quoque
1195 1230 1283 1272 iam
1307 1230 1477 1284 pridem
1500 1244 1642 1272 novus
1665 1230 1890 1273 allatravit
1913 1230 2098 1281 Anubis,

901 1300 1044 1355 Quem
1068 1299 1168 1341 fidei
1193 1306 1377 1341 nactum
1401 1298 1502 1353 plus
1529 1298 1638 1341 satis
1661 1313 1757 1341 esse
1780 1313 1953 1353 queror.

843 1368 917 1411 Sic
940 1383 1070 1422 aqua,
1094 1368 1157 1410 sic
1180 1367 1296 1423 ignis
1317 1367 1399 1409 fuit
1422 1367 1701 1418 interdictus,
1725 1374 1768 1410 et
1788 1368 1914 1410 exlex

903 1438 1003 1479 Non
1028 1437 1164 1479 semel
1189 1436 1353 1487 audivi,
1377 1450 1458 1478 nee
1481 1436 1618 1478 semel
1642 1436 1743 1478 exul
1767 1451 1904 1479 eram.

846 1507 931 1548 His
954 1507 1074 1549 ieeur
1095 1506 1308 1548 intumuit
1334 1509 1432 1556 (nec
1455 1505 1573 1548 enirn
1602 1505 1843 1549 manifesta
1863 1507 2069 1561 negabo),

902 1577 961 1618 Et
985 1575 1116 1626 cinxi,
1141 1575 1250 1617 mihi
1273 1576 1390 1629 quod
1413 1574 1502 1616 iam
1525 1581 1670 1625 nocet,
1695 1589 1800 1617 ense
1822 1575 1956 1617 latus.

846 1646 935 1687 Fas
957 1651 1050 1686 erat
1074 1644 1118 1686 in
1142 1644 1343 1699 iugulum
1366 1643 1590 1698 paricidae
1613 1643 1830 1698 stringere
1851 1644 2032 1694 ferrum,

903 1715 990 1756 Par
1011 1719 1053 1755 et
1077 1713 1295 1755 adulterio
1317 1712 1468 1755 debita
1490 1727 1634 1767 poena
1656 1712 1753 1755 fuit.

846 1782 992 1824 Patris
1015 1783 1070 1824 ob
1092 1781 1290 1832 exitium,
1314 1781 1440 1823 furiis
1462 1781 1673 1824 incensus
1696 1783 1879 1824 Orestes

904 1853 1005 1893 Iure
1029 1851 1387 1906 Clytemnestrae
1411 1849 1627 1904 sanguine
1649 1849 1780 1892 tinxit
1808 1850 2012 1893 humum.

845 1920 1045 1975 Coniuge
1068 1934 1146 1974 pro
1168 1926 1296 1974 rapta
1322 1918 1515 1961 Menelai
1538 1918 1700 1961 nobilis
1721 1919 1785 1962 ira

903 1990 1262 2030 Laomedonteas
1284 1987 1455 2031 subruit
1484 1987 1584 2042 igne
1611 1989 1782 2030 domos.

848 2058 934 2099 His
956 2065 1108 2100 tamen
1132 2056 1344 2107 abstinui,
1367 2071 1587 2112 procereS,
1612 2056 1819 2111 dictoque
1843 2058 2037 2099 Senatus

904 2126 1100 2181 Legibus
1123 2133 1165 2168 et
1188 2125 1345 2181 patriis
1367 2125 1661 2179 obsequiosus
1683 2139 1819 2167 eram.

848 2198 926 2239 Sat
949 2195 1030 2238 fuit
1053 2194 1215 2238 armari
1238 2194 1366 2245 ferro,
1391 2194 1646 2248 bellumque
1670 2193 1845 2244 minari,

905 2266 964 2306 Et
987 2271 1169 2319 quatere
1191 2262 1356 2306 iniecto
1377 2263 1510 2305 corda
1532 2261 1714 2304 inimica
1737 2268 1871 2304 metu.

849 2334 986 2389 Signa
1010 2333 1147 2375 semel
1171 2346 1346 2387 pugnae
1369 2330 1587 2381 dedimus,
1612 2331 1673 2372 nil
1691 2331 1879 2373 fecimus
1901 2330 2031 2382 ultra,

905 2404 1160 2456 Nostraque
1183 2401 1349 2444 nullius
1372 2400 1589 2455 sanguine
1610 2400 1701 2442 tela
1723 2401 1896 2442 rubent.

848 2474 942 2514 Nec
965 2471 1073 2513 mihi
1098 2470 1288 2513 Bueauli
1310 2469 1501 2512 violatas
1523 2468 1701 2524 ignibus
1723 2470 1869 2518 aedes,

906 2542 1000 2583 Nee
1023 2540 1248 2582 desolatos
1269 2538 1506 2581 invenietis
1528 2552 1672 2592 agros.

848 2610 1028 2653 Nullius
1050 2608 1180 2652 effodi
1202 2608 1387 2658 cineres,
1410 2609 1465 2650 de
1486 2606 1655 2662 virgine
1676 2613 1805 2662 rapta

674 2859 695 2874 “
707 2855 890 2887 miscreant
902 2854 921 2869 ’‘
939 2852 1005 2885 had
1021 2851 1182 2885 obtained
1199 2851 1256 2883 the
1274 2850 1327 2882 bes
1344 2860 1380 2882 or
1398 2850 1601 2882 two-thirds.

789 2919 841 2949 35.
866 2907 1027 2949 Anubis]
1072 2907 1147 2937 The
1163 2905 1377 2947 dog-headed
1395 2904 1461 2946 god
1477 2905 1516 2936 os
1529 2905 1661 2945 Egypt·,
1686 2903 1765 2935 here
1781 2913 1819 2935 as
1835 2903 1893 2935 the
1909 2902 2029 2945 genius
2045 2902 2085 2935 of
2096 2901 2242 2934 slander.

790 2974 842 3004 37.
869 2962 973 2994 Exlex
990 2961 1130 3001 audivi.]
1175 2961 1221 2991 “I
1240 2970 1310 2991 was
1326 2959 1435 3000 stylcd
1450 2958 1612 2991 outlaw.'’

2416 901 2471 941 30

2418 1589 2472 1629 40

790 2801 841 2831 28.
868 2799 1001 2839 Besse.]
1045 2797 1120 2829 The
1142 2796 1294 2828 widow's
1317 2795 1451 2838 portion
1476 2794 1582 2826 under
1608 2796 1708 2826 Scots
1733 2794 1816 2825 Law
1838 2804 1910 2826 was
1932 2793 1990 2825 the
2014 2793 2116 2826 tierce
2132 2803 2168 2824 or
2185 2792 2294 2825 third:
2320 2792 2399 2824 here
2416 2791 2473 2824 the
