2594 3749
683 364 764 411 130
1458 363 1698 399 PARERGA.

678 940 806 983 XXI.
868 940 1188 982 APOLOGIA
1251 940 1373 983 PRO
1435 940 1865 983 THAUMANTIA
1927 939 2331 983 OBSTETRICE
2392 941 2476 982 AD

1125 1020 1429 1064 SENATUM
1483 1021 2032 1063 ABREDONENSEM.

850 1169 986 1212 Sacra
1009 1168 1181 1219 cohors,
1205 1169 1346 1211 oeulis
1368 1169 1473 1211 olim
1499 1169 1608 1211 mihi
1632 1169 1774 1211 carior
1799 1168 1922 1224 ipsis,

908 1238 1039 1278 Nunc
1061 1251 1142 1291 ego
1165 1243 1208 1279 ‘te
1232 1244 1401 1287 contra,
1427 1253 1539 1292 quae
1562 1238 1686 1293 legis,
1711 1252 1836 1280 arma
1858 1252 1978 1292 paro.

850 1306 992 1360 Saepe
1015 1305 1215 1347 recusavi
1238 1306 1411 1360 patriae
1433 1306 1599 1348 violare
1621 1313 1845 1361 parentes,

907 1375 1050 1428 Saepe
1072 1374 1197 1416 nefas
1220 1375 1323 1416 duxi
1346 1375 1461 1417 bella
1485 1389 1661 1417 movere
1687 1375 1811 1417 Deis.

851 1443 936 1484 Sed
959 1443 1129 1497 nequiit
1152 1443 1296 1498 pietas
1318 1443 1499 1498 pietatis
1522 1444 1716 1498 imagine
1738 1443 1870 1494 vinci,

908 1512 1092 1553 Sumere
1115 1526 1185 1553 me
1208 1512 1379 1566 patriae
1401 1513 1491 1554 tela
1514 1512 1657 1567 coegit
1680 1527 1819 1555 amor.

847 1579 960 1621 Tros
983 1580 1082 1634 pius
1104 1595 1126 1622 e
1150 1581 1303 1623 stratis
1325 1581 1515 1636 patriam
1540 1596 1651 1624 cum·
1666 1587 1864 1623 cerneret
1888 1580 1969 1631 uri,

907 1649 1102 1699 Exsiliit‚
1125 1650 1298 1704 trepida
1321 1650 1512 1705 sumpsit
1536 1658 1578 1692 et
1602 1664 1728 1693 arma
1750 1664 1899 1693 manu.

851 1717 938 1758 Hei
963 1717 1086 1767 mihi,
1110 1732 1228 1760 nunc
1251 1719 1421 1772 patriae
1444 1726 1622 1769 metuo3
1656 1734 1736 1761 nec
1762 1733 1878 1761 vana
1904 1718 2078 1760 timoris

907 1787 1093 1836 Caussa,
1116 1788 1193 1828 sed
1216 1794 1282 1828 est
1307 1795 1473 1830 certam
1497 1788 1568 1830 vix
1591 1787 1799 1830 habitura
1822 1788 1970 1829 fidem.
2427 1799 2480 1828 10

851 1855 903 1894 In
927 1854 1098 1908 patriae
1121 1855 1324 1909 iugulum
1348 1856 1447 1910 quis
1470 1856 1727 1898 coniurasse
1751 1857 1968 1898 Senatum

907 1923 1085 1973 Credat,
1110 1930 1151 1965 et
1176 1924 1423 1966 humanum
1446 1925 1600 1966 tollere
1622 1924 1734 1967 velle
1755 1924 1930 1979 genus?

851 1991 915 2033 Te
938 1998 1090 2033 tamen
1114 1993 1234 2034 alma
1257 1993 1429 2043 cohors,
1456 2008 1568 2048 quae
1591 1994 1740 2047 legum
1763 1994 1887 2035 frena
1909 1995 2146 2048 gubernas,

910 2061 1122 2103 Criminis
1145 2062 1273 2104 istius
1296 2063 1394 2116 quis
1416 2070 1546 2117 neget
1570 2078 1668 2105 esse
1690 2064 1845 2105 ream?

851 2131 1038 2172 Carcere
1063 2131 1261 2173 Lucinae
1283 2132 1496 2174 famulam
1520 2134 1625 2174 dum
1648 2132 1817 2182 condis,
1841 2139 1884 2174 et
1907 2131 2000 2174 orbi

910 2200 968 2240 Et
992 2199 1162 2254 patriae
1184 2200 1366 2242 exitium
1391 2201 1719 2255 perniciemque
1746 2216 1885 2243 creas.

855 2269 954 2310 Hac
979 2269 1072 2309 sine
1095 2269 1195 2323 quis
1217 2269 1313 2311 dias
1335 2270 1379 2310 in
1403 2269 1584 2311 luminis
1607 2276 1733 2312 exeat
1756 2271 1890 2311 oras?

912 2339 1011 2379 Hac
1034 2338 1129 2379 sine
1152 2339 1251 2392 quis
1274 2339 1442 2393 patrios
1464 2340 1614 2393 vagiat
1637 2346 1742 2381 ante
1767 2340 1940 2381 Lares?

854 2407 974 2449 Pelle
997 2407 1129 2449 simul
1158 2409 1392 2458 Venerem,
1418 2409 1605 2451 Veneris
1628 2409 1663 2450 si
1686 2409 1797 2450 serre
1824 2409 2075 2450 ministram

911 2477 1011 2517 Non
1034 2484 1176 2531 potes,
1202 2477 1370 2519 Idaliae
1392 2478 1555 2532 gaudia
1577 2479 1691 2532 pelle
1718 2479 1855 2520 Deae.
2425 2489 2479 2519 20

852 2545 969 2600 Quid
993 2546 1113 2588 iuvat
1138 2547 1347 2589 uberibus
1370 2554 1615 2589 sementem
1640 2549 1815 2589 credere
1838 2547 1988 2597 sulcis,

910 2615 955 2657 Si
979 2629 1110 2657 nemo
1132 2622 1214 2666 est,
1239 2616 1413 2658 Cereris
1435 2616 1508 2670 qui
1532 2617 1647 2659 bona
1669 2616 1780 2658 falce
1803 2617 1978 2659 metat?

815 2759 845 2790 5.
872 2750 939 2782 Sed
964 2751 1121 2793 nequiit]
1166 2752 1206 2783 In
1230 2752 1380 2783 Delitiae
1403 2752 1603 2794 misprinted
1624 2754 1645 2769 “
1660 2752 1811 2794 nequit,‘'
1827 2752 1938 2784 which
1955 2752 2072 2783 makes
2088 2751 2171 2783 false
2187 2751 2352 2793 quantity.
2403 2751 2434 2782 1t
2451 2751 2480 2782 is

678 2807 697 2821 “
713 2804 842 2845 nequiit
856 2804 875 2818 ‘⁷
905 2804 937 2835 in
958 2805 1085 2837 edition
1106 2806 1146 2837 os
1165 2807 1257 2846 1632.
1306 2807 1380 2838 The
1400 2807 1615 2848 Middelburg
1631 2807 1759 2839 edition
1776 2813 1910 2848 repeats
1926 2807 1983 2838 the
1999 2816 2089 2839 error
2106 2807 2145 2838 of
2156 2806 2213 2838 the
2229 2805 2377 2837 Delitiae
2402 2829 2408 2836 .
2435 2830 2442 2839 .
2471 2828 2479 2837 .

679 2858 739 2889 but
757 2867 777 2890 a
793 2859 1003 2899 pencil-note
1020 2860 1059 2890 os
1080 2860 1137 2890 Dr.
1157 2860 1284 2891 Melvin
1304 2860 1426 2892 inserts
1443 2870 1487 2891 on
1505 2861 1636 2902 margin
1654 2861 1711 2891 the
1728 2861 1871 2902 missing
1887 2860 1908 2891 i.

797 2923 826 2953 7.
853 2913 940 2945 Tros
957 2913 1060 2954 pius]
1105 2914 1250 2953 Aeneas,
1271 2924 1308 2946 as
1326 2914 1358 2945 in
1377 2915 1444 2946 2nd
1461 2915 1604 2946 Aeneid.

797 2976 845 3008 17.
875 2967 957 2998 Dias
975 2967 1007 2998 in
1026 2968 1163 2999 luminis
1179 2969 1283 3009 oras.]
1328 2973 1346 2986 ‘⁴
1362 2969 1436 3000 The
1453 2969 1564 3011 bright
1582 2969 1750 3010 precincts
1766 2969 1806 3001 of
1818 2968 1875 3000 the
1892 2968 2040 3000 eheerful
2057 2967 2159 3009 day.''
