2594 3749
682 333 945 365 BOHEMIAN
979 333 1253 367 STRUGGLE.
1813 339 1867 381 73

237 450 430 505 Agmina
453 449 692 504 coniunget
717 450 879 492 Batavi
902 451 989 492 dux
1011 450 1194 501 roboris,
1218 451 1335 493 hosti

296 519 383 575 Qui
405 526 555 568 terror,
577 518 747 573 patriae
769 526 836 561 est
859 520 1008 570 umbo,
1032 519 1242 562 columna
1265 519 1416 562 sacris.

238 590 349 631 Orta
371 588 491 630 domi
514 602 656 642 nuper
676 594 922 642 tempestas
945 594 1102 642 sponte
1125 587 1318 642 quievit;

297 658 394 699 Iam
417 663 602 711 quassat
626 659 826 700 Batavas
849 657 972 700 nulla
996 657 1189 712 procella
1215 663 1349 699 rates.

239 727 426 769 Poscere
448 741 579 780 quem
602 726 748 780 fingis,
773 741 940 781 poenas
962 726 1085 769 dabit
1108 727 1203 781 ipse
1227 726 1429 777 Batavis,

296 797 393 838 Iam
416 795 549 838 toties
571 795 687 837 nivei
710 797 875 850 praeda
900 796 1079 846 Leonis,
1106 797 1220 839 Iber.

236 865 322 906 Sed
346 865 439 906 Leo
462 878 552 913 cur,
578 870 625 905 ut
648 864 729 914 ais,
753 871 910 906 contra
933 871 1057 918 paret
1080 864 1141 906 ire
1166 866 1363 906 Leonem
1382 864 1399 906 ?

293 933 440 988 Quam
465 947 664 982 causare,
688 933 806 987 prior
826 933 999 975 foedere
1022 948 1138 975 noxa
1160 933 1256 974 fuit.
1787 934 1869 975 260

237 1003 331 1044 Nec
355 1001 464 1042 mihi
487 1002 673 1044 devotae
696 1001 834 1043 deerit
858 1017 940 1043 sua
963 1002 1102 1056 gloria
1128 1003 1298 1052 Mosae,

293 1072 438 1126 Quam
463 1071 614 1125 procul
639 1085 664 1113 a
687 1070 852 1113 nostris
874 1071 1038 1113 finibus
1061 1086 1158 1113 esse
1181 1086 1351 1125 queror.

236 1139 401 1182 Martia
426 1139 606 1181 Bulloni
630 1140 815 1188 soboles,
837 1140 977 1195 patris
1000 1141 1178 1183 aemula
1201 1140 1360 1195 proles,

294 1209 382 1251 Hic
404 1209 573 1264 pridem
597 1209 641 1250 in
664 1224 840 1264 pugnas
863 1211 1001 1260 ardet,
1027 1217 1069 1252 et
1093 1224 1221 1252 arma-
1242 1215 1384 1264 parat.

235 1279 431 1333 Magnus
453 1293 578 1329 avus,
603 1279 832 1333 maiorque
855 1294 1031 1334 parens,
1057 1286 1099 1322 et
1123 1278 1371 1321 avunculus
1394 1292 1541 1321 acrem

292 1348 448 1402 Urget,
473 1353 515 1389 et
539 1348 802 1398 Arvernum,
828 1348 1193 1402 Borboniumque
1215 1362 1369 1402 genus.

235 1418 439 1471 Cognato
462 1424 681 1472 cognatus
703 1432 832 1472 opem
856 1417 990 1468 feret3
1025 1418 1086 1460 ire
1115 1432 1193 1472 per
1217 1432 1347 1459 enses

292 1487 377 1528 Pro
401 1486 483 1530 sibi
507 1493 699 1541 cognato
723 1488 941 1541 sanguine
964 1495 1090 1541 coget
1115 1502 1253 1529 amor.

235 1555 315 1598 Ille
337 1555 641 1610 triumphatas
663 1556 852 1610 aquilas,
878 1571 990 1611 quas
1013 1557 1201 1599 fulmina
1224 1556 1368 1598 iactas

291 1626 424 1667 Ferre
449 1625 583 1675 Iovis,
607 1632 735 1679 coget
759 1625 887 1680 signa
911 1627 1089 1668 Sedana
1113 1625 1248 1679 sequi.
1785 1637 1867 1679 270

233 1695 349 1751 Quid
372 1695 452 1738 tibi
476 1710 594 1738 nunc
617 1695 756 1738 animi
780 1702 846 1738 est
865 1696 881 1737 ?
916 1710 973 1738 an
997 1697 1143 1738 adhuc
1167 1710 1267 1737 mea
1288 1701 1487 1737 temnere
1509 1695 1656 1750 pergis

289 1765 516 1818 Agmina?
551 1773 701 1807 mente
724 1773 832 1820 puto
854 1773 897 1808 te
921 1766 1102 1808 meliore
1124 1766 1222 1807 frui.

231 1835 343 1890 Quis
365 1835 475 1876 mihi
499 1835 686 1877 militiae
709 1835 765 1877 sit
788 1837 959 1886 ductor,
985 1850 1195 1890 quaerere
1217 1835 1333 1884 noli;

291 1903 379 1945 Hic
402 1904 476 1946 ubi
498 1910 547 1946 tu
571 1905 659 1945 dux
681 1919 742 1954 es,
767 1904 952 1958 quilibet
975 1919 1072 1946 esse
1094 1911 1254 1958 potest.

233 1972 356 2014 Mille
379 1974 514 2014 duces
536 1972 690 2021 nobis3
725 1974 801 2014 sed
825 1973 894 2015 dic
917 1974 970 2015 de
994 1972 1192 2015 millibus
1215 1987 1370 2024 unum,

289 2042 381 2084 Cur
401 2056 515 2083 onus
537 2041 620 2084 hoc
643 2056 857 2095 sponsum
880 2056 1011 2096 posse
1034 2041 1180 2083 subire
1203 2043 1374 2096 negas?

232 2111 430 2152 Hercule
452 2117 588 2153 natus
610 2125 708 2160 avo,
735 2110 856 2153 Galli
882 2111 1099 2153 Mavortis
1123 2112 1347 2161 alumnus,

290 2179 396 2221 Flos
419 2179 645 2230 iuvenum,
669 2179 771 2222 belli
794 2181 952 2222 ductor
974 2195 1030 2222 an
1055 2195 1152 2222 esse
1174 2180 1362 2234 nequit?

234 2248 454 2303 Despicis,
479 2249 702 2291 Aonidum
725 2249 856 2291 fuerit
881 2251 997 2304 quod
1021 2256 1169 2291 castra
1191 2257 1423 2304 sequutus,

290 2318 484 2371 Solaque
507 2333 584 2373 pro
606 2318 707 2360 telis
731 2333 905 2361 sumere
927 2318 1096 2374 plectra
1119 2319 1257 2361 iubes.
1784 2319 1866 2360 280

172 2463 246 2494 253.
272 2455 392 2486 Batavi
409 2454 476 2486 dux
492 2455 654 2495 roboris.]
699 2455 820 2487 Prince
838 2456 991 2487 Maurice
1007 2456 1048 2487 of
1059 2457 1207 2487 Nassau.

172 2510 245 2548 258.
272 2509 372 2541 Nivei
388 2509 514 2551 praeda
531 2509 687 2549 Leonis.]
743 2510 777 2541 Is
793 2510 862 2541 this
879 2521 899 2542 a
915 2510 1059 2542 mistake
1072 2511 1106 2541 in
1121 2509 1280 2551 heraldry
1296 2510 1345 2542 for
1363 2510 1420 2542 the
1433 2510 1507 2541 blue
1522 2513 1541 2528 “
1556 2510 1643 2541 Lion
1662 2509 1864 2551 Belgique‚”

12 2572 14 2577 ⁸
57 2562 172 2594 whose
197 2564 305 2595 revolt
333 2574 418 2605 gave
441 2564 500 2595 the
525 2567 544 2581 ‘⁴
559 2564 725 2606 Spaniard
740 2565 756 2578 ”
782 2575 820 2596 so
844 2565 946 2596 much
970 2564 1129 2597 trouble?

172 2619 244 2659 267.
270 2619 429 2659 Cognato
446 2620 640 2659 cognatus]
695 2619 770 2650 Duc
787 2619 829 2650 de
847 2619 1008 2650 Bouillon
1025 2629 1096 2650 was
1112 2619 1170 2650 the
1188 2618 1324 2650 Elector
1343 2618 1551 2650 Frederick's
1568 2618 1677 2650 uncle.

172 2680 244 2713 ²70·
271 2672 378 2714 Signa
395 2673 559 2712 Sedana.]
613 2673 687 2705 The
705 2673 927 2715 Principality
943 2674 983 2705 of
998 2673 1111 2706 Sedan
1127 2683 1199 2705 was
1216 2678 1250 2705 at
1266 2673 1335 2705 this
1351 2673 1433 2705 time
1453 2673 1658 2705 Protestant.
1706 2674 1770 2704 See
1786 2673 1862 2704 Vol.

60 2724 93 2755 ΙΙ
135 2725 201 2757 No.
221 2726 391 2758 LXXXV.

171 2782 244 2822 276.
270 2781 450 2822 Sponsus]
505 2781 590 2813 This
607 2791 671 2813 can
688 2782 771 2823 only
786 2792 886 2814 mean
904 2782 962 2814 the
980 2783 1116 2814 Elector
1136 2782 1299 2821 Palatine,
1324 2792 1361 2813 as
1380 2782 1472 2823 King
1488 2782 1527 2814 of
1540 2782 1717 2813 Bohemia.

172 2842 245 2876 277.
271 2835 421 2867 Hercule
449 2841 550 2867 natus
576 2837 669 2876 avo]
737 2837 831 2868 Who
854 2837 913 2868 the
942 2839 1090 2868 “avus”
1115 2837 1143 2868 is
1170 2846 1250 2877 may
1275 2837 1316 2867 be
1344 2836 1511 2873 doubtful,
1540 2846 1578 2868 as
1602 2837 1627 2867 it
1654 2846 1735 2877 may
1761 2846 1861 2869 mean

59 2888 139 2929 only
161 2893 322 2930 ancestor,
352 2897 412 2923 not
439 2891 646 2932 necessarily
665 2892 902 2934 grandfather.
953 2892 1028 2923 The
1057 2892 1225 2924 Elector’s
1254 2891 1386 2924 mother
1417 2892 1522 2933 being
1544 2891 1583 2923 of
1600 2891 1658 2924 the
1685 2892 1804 2924 House
1827 2892 1867 2924 of

63 2943 207 2982 Nassau,
232 2945 290 2976 the
313 2946 484 2978 reference
507 2956 587 2987 may
609 2946 651 2978 be
674 2952 710 2978 to
734 2947 793 2978 the
816 2954 911 2988 great
935 2948 1088 2980 William
1112 2947 1152 2979 of
1171 2948 1317 2989 Orange.

31 3077 40 3425 ἲ
945 3005 972 3033 K

32 3428 45 3749 l
