2594 3749
687 337 765 379 162
1461 342 1701 375 PARERGA.

860 462 983 505 Civis
1006 462 1149 517 inops,
1173 461 1293 503 omni
1317 460 1511 503 demisso
1534 460 1578 502 in
1601 460 1772 502 viscera
1795 473 1946 509 censu,

923 531 1087 573 Martia
1111 531 1324 573 Bellonae
1347 530 1521 585 cogitur
1542 544 1666 572 arma
1689 528 1823 583 sequi.
2017 530 2030 544 ⁰
2431 540 2486 581 90

863 602 994 642 Nunc
1018 599 1121 655 iuga
1146 600 1354 654 Pyrenes,
1379 599 1499 654 ipsas
1521 613 1639 640 nunc
1663 597 1870 651 subiugat
1895 596 2045 651 Alpes,

920 668 1118 723 Turgida
1140 682 1258 710 nunc
1284 667 1429 709 Rheni
1454 682 1620 710 cornua
1642 668 1790 708 Marte
1813 664 1971 720 quatit.

866 737 992 780 Illius
1014 737 1225 792 auspiciis
1250 738 1450 778 Batavus
1473 735 1706 778 contundit
1732 736 1925 785 Iberum,

924 807 1023 848 Hoc
1046 807 1172 856 duce,
1196 805 1370 847 devicto
1394 806 1600 856 Caesare,
1626 803 1785 847 Gallus
1808 809 1925 846 ovat.

866 876 939 920 Sic
964 876 1036 918 ubi
1060 875 1252 918 servavit
1277 875 1436 925 socios,
1460 875 1702 929 hostesque
1726 873 1916 928 subegit,

926 945 1049 986 Mille
1071 945 1182 986 redit
1205 943 1349 986 titulis
1371 950 1545 994 auctus,
1570 950 1612 985 et
1636 957 1735 985 aere
1762 942 1920 997 gravis.

867 1014 1018 1056 Turba
1041 1013 1159 1056 domi
1183 1013 1395 1063 residens,
1419 1012 1520 1055 belli
1545 1027 1719 1067 quoque
1742 1011 1945 1066 gnaviter
1974 1018 2094 1053 artes

927 1082 1117 1132 Excolit,
1141 1081 1300 1124 obduci
1324 1096 1404 1123 nec
1427 1081 1531 1123 sinit
1555 1095 1679 1123 arma
1702 1081 1805 1123 situ.

872 1153 957 1193 Pro
980 1152 1084 1201 lare,
1110 1165 1187 1205 pro
1211 1150 1349 1192 sacris
1371 1149 1476 1191 olim
1501 1149 1799 1205 pugnavimus
1822 1149 1924 1200 aris,

930 1221 1062 1261 Nunc
1085 1219 1176 1260 fera
1200 1233 1277 1273 pro
1301 1218 1475 1260 modico
1498 1217 1664 1272 proelia
1686 1218 1799 1259 farre
1821 1217 1959 1260 vides.
2418 1230 2497 1258 100

870 1289 994 1330 Alter
1015 1288 1059 1329 in
1082 1288 1266 1330 alterius
1289 1287 1489 1341 iugulum
1513 1286 1614 1336 ruit,
1640 1286 1848 1328 aestimat
1872 1287 2039 1337 hostes,

932 1358 1019 1398 Far
1041 1355 1202 1410 quibus
1225 1362 1307 1406 est,
1333 1362 1425 1405 aut,
1450 1355 1533 1397 hoc
1557 1354 1805 1405 deficiente,
1830 1369 1982 1409 pecus.

876 1426 996 1467 Dum
1019 1424 1180 1479 premit
1204 1423 1387 1474 esuries,
1411 1423 1568 1479 patriis
1591 1430 1795 1465 armenta
1818 1423 1995 1479 sagittis

932 1493 1138 1544 Conficit,
1163 1499 1205 1535 et
1230 1492 1396 1535 strictis
1419 1492 1600 1534 ensibus
1623 1507 1728 1535 arva
1751 1492 1889 1534 metit.

877 1566 971 1607 Nec
994 1570 1140 1606 metus
1162 1570 1229 1606 est
1253 1578 1421 1618 poenae
1442 1579 1450 1604 :
1486 1562 1585 1617 quis
1606 1562 1724 1605 enim
1748 1562 1907 1604 referre
1929 1562 2120 1618 putabit,

937 1634 1037 1677 Sive
1059 1633 1191 1676 famis
1211 1634 1369 1675 toleret
1392 1632 1600 1683 tormina,
1626 1632 1718 1675 sive
1741 1632 1916 1674 crucis?

879 1704 1056 1753 Obstat,
1081 1702 1160 1753 ais,
1186 1702 1336 1757 magni
1361 1702 1429 1744 lex
1451 1708 1494 1744 et
1518 1703 1696 1744 decreta
1720 1696 1929 1752 Senatus,

937 1772 1062 1827 Quae
1085 1771 1326 1825 cauponari
1348 1771 1490 1813 farrea
1512 1772 1629 1813 dona
1650 1776 1815 1812 vetant.

880 1840 1050 1882 Baldus
1074 1854 1232 1882 amans
1255 1840 1403 1894 legum
1428 1846 1510 1890 cst,
1535 1841 1612 1882 sed
1639 1854 1740 1882 cum
1769 1854 1871 1894 spes
1894 1853 2029 1882 aurea
2052 1839 2161 1882 lucri

938 1908 1131 1959 Emicat,
1156 1909 1228 1959 ah,
1253 1908 1402 1963 legum
1425 1908 1604 1951 vincula
1625 1909 1736 1950 ferre
1759 1908 1930 1962 nequit.
2428 1920 2506 1950 110

881 1978 1070 2020 Aemula
1093 1977 1162 2019 lex
1184 1978 1299 2019 telae
1322 1984 1404 2027 est,
1430 1992 1563 2031 quam
1587 1977 1696 2018 texit
1720 1992 1924 2028 araneus,
1949 1977 2135 2019 haerent

943 2046 1030 2088 Hic
1053 2045 1232 2096 culiceS,
1256 2046 1402 2100 posito
1424 2046 1585 2088 transit
1609 2046 1798 2088 hirundo
1822 2052 1959 2088 metu.

883 2114 1071 2158 Talibus
1094 2114 1296 2169 aucupiis
1319 2114 1499 2157 inhians
1525 2115 1736 2157 Marrana
1760 2130 1956 2170 propago
2542 2060 2546 2164 i

944 2185 1110 2239 Nuper,
1136 2183 1216 2234 ais,
1241 2183 1432 2238 patriam
1455 2183 1653 2237 linquere
1676 2183 1798 2226 iussa
1821 2183 1918 2226 suit.
2538 2166 2544 2350 Ι

885 2253 970 2303 Ah,
994 2252 1092 2307 quis
1115 2252 1352 2294 avaritiam
1376 2252 1523 2306 gentis
1546 2266 1633 2294 non
1657 2253 1797 2294 cernit
1824 2254 1979 2295 Iberae
2000 2253 2016 2294 Ρ

945 2321 1126 2363 Artibus
1149 2321 1218 2362 his
1242 2320 1445 2376 proprias
1468 2335 1544 2376 per
1566 2321 1711 2363 scelus
1734 2321 1856 2363 auxit
1880 2336 2001 2376 opes.

888 2391 1106 2432 Annonae
1128 2391 1233 2432 dum
1257 2389 1380 2445 pellit
1406 2391 1507 2432 Iber
1529 2390 1811 2441 commercia,
1836 2390 1950 2433 bello

948 2460 1151 2514 Occupat
1176 2460 1298 2501 ans
1324 2459 1655 2514 Hesperiasque
1678 2459 1848 2514 plagas.

892 2530 943 2570 In
967 2535 1100 2583 caput
1124 2529 1208 2571 hoc
1229 2527 1393 2570 frustra
1415 2528 1588 2570 vibrant
1612 2543 1692 2570 sua
1714 2529 1901 2572 fulmina
1925 2536 2123 2585 mystae:

950 2599 1052 2640 Non
1075 2597 1267 2652 trepidat
1292 2597 1476 2648 Baldus,
1501 2611 1581 2640 nec
1604 2597 1732 2640 timet
1755 2613 1880 2640 arma
1904 2598 2038 2640 Iovis.
2438 2609 2514 2639 120

893 2669 1028 2710 Farre
1053 2668 1176 2709 Deus
1199 2667 1374 2709 modico
1397 2667 1601 2722 placatur
1622 2674 1664 2709 et
1688 2669 1821 2710 ubere
1843 2675 1960 2719 voto,

952 2738 1010 2779 Et
1034 2736 1181 2791 gravis
1204 2743 1269 2778 est
1293 2736 1355 2778 illi
1379 2738 1547 2788 dextra,
1572 2739 1648 2780 sed
1672 2737 1735 2780 ira
1762 2737 1886 2780 levis.

839 2900 909 2931 113.
935 2890 1095 2922 Marrana
1118 2891 1299 2932 propaga]
1351 2890 1425 2922 The
1449 2897 1586 2923 context
1611 2902 1722 2923 seems
1745 2897 1780 2923 to
1803 2891 1902 2924 settle
1926 2891 1994 2923 this
2019 2902 2055 2923 as
2080 2891 2241 2933 referring
2265 2897 2300 2922 to
2324 2891 2381 2922 the
2408 2890 2535 2928 Moors3

722 2946 790 2978 and
812 2947 903 2987 Jews
926 2945 1080 2988 expened
1103 2946 1147 2987 by
1173 2946 1282 2987 Philip
1308 2947 1353 2978 11.
1378 2946 1418 2978 os
1439 2947 1559 2988 Spain.
2522 2929 2528 3119 l
