2594 3749
705 349 785 392 262
1491 357 1728 391 PARERGA.

878 478 1094 532 Quodque
1118 477 1249 518 fidem
1274 483 1470 530 superat,
1494 476 1668 518 caelum
1692 490 1803 530 quas
1825 474 2031 530 explicat,
2055 474 2176 530 ipsas

936 545 1142 587 Vidimus
1165 544 1385 587 exstincta
1408 545 1504 587 luce
1527 544 1667 599 perire
1689 545 1819 587 faces.

879 615 972 656 Nec
995 615 1154 656 modus
1177 620 1243 656 est
1266 613 1384 656 vitae
1404 613 1545 664 vobis,
1569 628 1649 656 nec
1671 613 1890 656 terminus
1912 612 2025 663 aevi,

935 684 1054 726 Cura
1075 697 1156 725 nec
1178 690 1244 725 est
1267 683 1392 738 legis,
1417 697 1550 737 quam
1577 684 1701 725 Deus
1724 682 1817 737 ipse
1840 681 1953 724 tulit.
2452 694 2506 734 30

878 751 1050 795 Clausit
1075 751 1394 807 Olympiadum
1419 752 1486 793 bis
1507 758 1679 807 septem
1703 750 1843 793 limite
1865 750 2020 800 vitam,

936 820 1018 863 Ille
1041 820 1274 863 hominum
1297 820 1467 876 vegetis
1489 820 1630 862 lustra
1652 820 1719 862 bis
1741 825 1843 862 octo
1865 819 2001 861 dedit.

879 889 1080 944 Longius
1103 889 1284 944 egressi,
1308 904 1387 931 vos
1410 904 1519 932 aevo
1542 888 1726 943 iungitis
1748 903 1924 938 aevum,

936 959 995 1000 Et
1019 958 1156 1000 trahit
1180 965 1386 1000 aeternas
1409 958 1534 1013 pigra
1557 965 1737 1000 senecta
1760 972 1920 999 moras.

879 1028 980 1068 Non
1005 1027 1115 1069 haec
1137 1026 1326 1069 Tamisii
1349 1026 1530 1081 pariunt
1554 1026 1770 1068 miracula
1793 1025 1930 1076 bulbi,

934 1097 1023 1137 Aut
1047 1096 1091 1137 in
1116 1096 1400 1150 Grampiacis
1423 1095 1627 1151 gramina
1650 1096 1765 1138 lecta
1788 1095 1920 1149 iugis.

878 1166 969 1207 Vos
992 1180 1073 1220 ego
1097 1164 1356 1207 crediderim
1381 1164 1568 1219 magicis
1590 1164 1874 1207 iuvenescere
1896 1163 2057 1214 succis,

935 1233 1071 1288 Queis
1094 1233 1174 1276 fuit
1199 1233 1242 1274 in
1266 1247 1418 1276 socero
1440 1233 1672 1276 Thessalis
1695 1248 1775 1276 usa
1797 1247 1950 1275 nurus.

879 1304 980 1345 Hoc
1002 1317 1101 1345 reor
1122 1303 1274 1354 elixos,
1298 1303 1500 1345 vetulum
1524 1304 1641 1357 quod
1664 1302 1795 1353 coxit,
1819 1303 1975 1352 aheno,
2551 1348 2552 1351 ,

935 1373 1024 1414 Aut
1048 1373 1100 1413 de
1124 1371 1293 1414 Circeis
1316 1371 1479 1414 hausta
1500 1386 1673 1414 venena
1695 1371 1828 1414 cadis.
2455 1383 2508 1424 40
2549 1383 2553 1405 ¹

879 1440 1053 1483 Siccine
1078 1441 1279 1483 Naturae
1302 1441 1422 1496 leges
1444 1440 1622 1483 eluditis
1644 1441 1772 1483 arte?

937 1511 996 1551 Et
1020 1524 1197 1565 semper
1218 1509 1419 1561 miseros,
1443 1510 1553 1565 proh
1576 1510 1711 1560 dolor,
1733 1525 1830 1552 esse
1853 1509 2008 1552 iuvat?

878 1578 984 1621 Vita
1006 1579 1110 1633 quid
1134 1586 1200 1621 est
1223 1579 1473 1630 hominum,
1497 1580 1671 1622 fervens
1694 1579 1777 1622 nisi
1800 1579 2012 1622 fluctibus
2035 1593 2210 1634 aequor,

935 1649 1064 1704 Quod
1088 1648 1233 1702 quatit
1256 1648 1482 1692 imbellem
1505 1655 1637 1691 nocte
1660 1648 1819 1703 dieque
1841 1655 1983 1691 ratem
2002 1649 2018 1690 ?

878 1717 947 1758 Ah
970 1724 1076 1771 quot
1100 1717 1144 1758 in
1167 1717 1251 1759 hoc
1274 1724 1462 1772 surgunt
1486 1717 1690 1773 scopuli?
1725 1725 1831 1773 quot
1854 1732 1988 1760 caeca
2011 1719 2093 1761 sub
2116 1717 2247 1760 undis

937 1788 1055 1828 Saxa
1078 1786 1251 1829 latent?
1286 1787 1448 1829 dubius
1470 1793 1578 1842 quot
1604 1788 1718 1829 vada
1745 1794 1909 1842 pontus
1935 1787 2069 1830 habet
2090 1788 2105 1829 ?

881 1855 1113 1898 Fluctibus
1135 1855 1277 1898 Aeolii
1301 1856 1541 1898 miscentes
1563 1856 1708 1898 sidera
1729 1856 1888 1899 fratres

939 1924 1180 1967 Frontibus
1202 1925 1400 1967 adversis
1429 1939 1563 1979 quam
1586 1926 1678 1967 fera
1701 1925 1817 1968 bella
1840 1925 1991 1967 cient?

881 1993 967 2048 Qui
990 1993 1095 2035 velit
1119 1993 1190 2036 hic
1214 2008 1384 2036 mersas
1407 2008 1592 2036 numero
1615 1996 1932 2049 comprendere
1954 2009 2140 2050 puppes,

940 2062 1161 2118 Expediat
1185 2069 1290 2118 quot
1313 2063 1458 2105 hiems
1485 2063 1640 2105 fundat
1669 2064 1823 2106 adulta
1846 2063 1981 2106 nives.
2457 2074 2509 2117 50
2544 2118 2547 2123 ,

881 2131 992 2187 Quis
1013 2132 1147 2182 furor,
1171 2131 1244 2174 hic
1266 2132 1432 2188 rapidis
1454 2147 1630 2188 semper
1656 2135 1762 2175 dare
1788 2133 1925 2176 lintea
1946 2132 2106 2184 ventis,

940 2202 999 2243 Et
1022 2201 1215 2244 laceram
1239 2208 1369 2257 portu
1392 2203 1579 2244 condere
1602 2202 1720 2244 nolle
1742 2203 1918 2245 ratem?

881 2271 1030 2312 Vosne
1054 2270 1162 2312 latet
1185 2285 1272 2325 quo
1294 2271 1393 2313 vela
1413 2271 1588 2313 ferent?
1622 2286 1735 2326 quae
1756 2278 1875 2314 terra
1898 2271 2121 2326 petenda?

939 2340 1115 2381 Ancora
1137 2354 1224 2394 quo
1245 2339 1371 2382 vobis
1393 2339 1450 2382 sit
1472 2339 1674 2382 iacienda
1697 2339 1830 2382 sinu?

883 2408 984 2450 Non
1007 2422 1085 2450 vos
1109 2408 1271 2450 Iliacos
1293 2414 1422 2463 rapta
1445 2423 1524 2464 pro
1546 2408 1702 2464 pellice
1726 2423 1877 2451 muros

939 2476 1159 2528 Tenditis,
1184 2477 1342 2519 undosi
1365 2491 1443 2532 per
1462 2479 1577 2520 vada
1599 2492 1733 2521 caeca
1755 2478 1866 2521 freti.

882 2547 969 2588 Sed
993 2560 1136 2600 neque
1161 2546 1362 2601 Phryxeo
1384 2546 1551 2601 petitur
1576 2561 1654 2602 pro
1675 2547 1835 2590 vellere
1858 2546 2050 2596 Colchis,

824 2661 876 2700 38.
902 2660 1058 2700 Socero.]
1103 2661 1219 2692 Aeson
1244 2660 1276 2691 in
1301 2660 1358 2693 the
1382 2661 1493 2692 hands
1516 2661 1556 2693 of
1575 2660 1709 2693 Medea.
1757 2662 1796 2693 In
1821 2667 1901 2694 next
1924 2661 1992 2694 line
2016 2661 2074 2693 hoc
2097 2671 2181 2703 goes
2204 2660 2286 2692 with
2310 2660 2425 2699 aheno,
2442 2659 2507 2693 and
2539 2645 2542 2695 l

707 2714 811 2746 elixos
829 2715 892 2747 has
908 2714 1082 2756 vosfuisse
1099 2715 1320 2748 understood.
2539 2709 2541 2718 ⁴

824 2779 876 2810 50.
901 2770 1021 2811 Quot]
1064 2769 1213 2801 Dclitiac
1230 2769 1297 2802 and
1316 2769 1534 2812 Middelburg
1549 2770 1676 2802 edition
1701 2770 1788 2803 have
1809 2770 1982 2813 strangely
2000 2774 2020 2788 ‘⁶
2032 2770 2122 2813 quod
2134 2771 2167 2801 ”.
2214 2770 2267 2802 οη
2285 2774 2305 2788 “
2317 2769 2507 2811 expediat,'’
2520 2786 2523 2787 ν
2538 2770 2541 2799 ἔ

710 2834 766 2856 see
783 2823 982 2861 XXVI1.,1.
999 2834 1052 2864 33.
2537 2830 2539 2867 J

824 2889 877 2920 57.
903 2878 1068 2919 Colchis]
1115 2879 1207 2911 Here
1230 2880 1288 2911 the
1311 2885 1456 2921 country
1480 2880 1520 2912 of
1542 2879 1690 2913 Colchis,
1740 2879 1888 2912 Delitiae
1916 2879 1982 2912 and
2011 2879 2229 2921 Middelburg
2254 2879 2382 2911 edition
2410 2879 2503 2920 have,
2536 2875 2540 2921 ξ
2587 2912 2594 2924 1,,

710 2934 754 2975 by
778 2943 797 2965 a
821 2934 975 2971 mistam,
1001 2937 1021 2951 ‘⁴
1036 2934 1227 2966 Colchos'’.
2536 2923 2539 2945 Ῑ
2587 2932 2594 2939 ⁴

2580 2752 2594 2774 ’,Ἰ
