2594 3749
692 324 743 364 82

809 2442 861 2471 80.
886 2441 1002 2472 Turba
1019 2441 1169 2479 tenellas]

1498 332 1739 364 PARERGA.

922 449 1196 499 Vindicibus,
1218 449 1352 503 digna
1382 457 1448 491 est
1476 449 1594 492 orbis
1619 449 1744 491 Elisa
1767 450 1917 491 decus.

864 519 1025 560 Vester
1046 533 1171 561 amor
1192 521 1432 573 quondam,
1456 533 1573 560 nunc
1597 526 1663 560 est
1687 533 1862 572 quoque
1885 516 2054 559 semine
2077 516 2193 571 regis

923 588 1073 638 Edita,
1097 603 1228 642 quem
1252 589 1389 630 iactat
1412 595 1529 630 terra
1555 588 1772 630 Britanna
1796 594 1985 642 patrem.

867 655 996 706 Diva,
1024 657 1170 699 Deum
1195 656 1383 706 soboles,
1408 655 1566 711 pelago
1589 656 1783 698 iactatur
1805 656 1975 705 eodem,

922 726 1021 781 Quo
1045 725 1242 775 Nicrina,
1267 725 1387 767 vehit
1411 725 1572 780 puppis
1595 732 1637 767 et
1661 739 1750 767 una
1777 726 1904 767 duas.

867 794 970 836 Una
993 795 1105 836 duas
1126 794 1303 836 fortuna
1326 800 1504 836 manet:
1539 793 1778 835 mansisset
1804 793 1930 834 Elisa

922 862 1098 917 Sospite
1122 877 1191 904 me
1215 877 1383 917 sospes,
1409 877 1479 904 me
1502 869 1714 917 pereunte
1738 862 1865 916 perit.

865 930 980 973 Diva
1004 931 1114 985 perit
1134 945 1323 981 mecum,
1348 931 1470 985 regni
1494 946 1597 985 pars
1620 931 1760 972 altera
1782 929 1932 980 vestri,

919 999 1123 1053 Totaque
1146 1006 1353 1042 natorum
1376 1001 1507 1042 turba
1529 999 1693 1041 tenella
1716 1014 1880 1041 comes.

864 1070 1048 1123 Iamque
1071 1069 1326 1112 laborantes
1344 1070 1460 1124 regis
1483 1084 1584 1111 cum
1609 1069 1729 1123 prole
1752 1075 1953 1123 nepotes,

921 1137 1109 1188 Auxilio,
1135 1137 1346 1188 clamant,
1371 1145 1488 1179 terra
1514 1138 1732 1180 Britanna
1754 1138 1870 1179 veni.

863 1208 982 1249 Nata
1006 1221 1095 1261 per,
1121 1208 1222 1256 heu,
1247 1207 1427 1249 functae
1450 1207 1635 1256 cineres,
1661 1214 1702 1248 et
1727 1208 1858 1249 busta
1883 1205 2081 1260 parentis

919 1277 1010 1317 Vos
1033 1283 1173 1331 rogat,
1198 1276 1242 1316 hi
1266 1291 1343 1330 per
1365 1291 1480 1331 quae
1503 1282 1680 1330 sceptra
1702 1282 1855 1317 tuetur
1878 1290 2002 1317 avus.

862 1345 1078 1400 Quodque
1102 1351 1274 1399 rogant,
1300 1359 1478 1399 sperare
1501 1344 1624 1386 iuvat
1645 1361 1653 1386 ε
1689 1345 1896 1386 iunctura
1920 1344 2130 1386 Nicrinae

920 1414 1155 1456 Tamesias
1178 1414 1324 1455 omnis
1346 1414 1541 1456 creditur
1558 1414 1666 1455 hora
1689 1421 1823 1456 rates.

864 1484 965 1524 Non
989 1483 1155 1537 procul,
1180 1485 1401 1525 adscensu
1424 1483 1581 1533 facilis,
1610 1484 1911 1537 Rhenumque
1935 1497 2146 1536 measque

922 1552 1130 1605 Undique
1154 1553 1383 1606 despectat
1407 1552 1532 1594 collis
1552 1567 1768 1594 amoenus
1791 1567 1946 1606 aquas.

862 1622 1019 1675 Saepe,
1045 1635 1195 1663 morae
1219 1621 1472 1676 impatiens,
1498 1629 1705 1663 natorum
1729 1622 1951 1664 maximus
1974 1621 2093 1662 illinc

920 1691 1012 1731 Vos
1035 1690 1135 1740 ciet,
1161 1689 1393 1744 appellans
1411 1691 1590 1732 nomine
1614 1705 1834 1744 quemque
1858 1705 1952 1732 suo.

861 1760 1024 1801 Vestra
1047 1766 1189 1814 putat,
1215 1774 1507 1814 quaecunque
1529 1760 1648 1802 videt
1671 1775 1780 1815 puer
1801 1760 1981 1815 agmina
2001 1776 2010 1802 :
2035 1774 2208 1814 puppes

922 1830 1065 1883 Saepe
1090 1829 1335 1879 Palatinas,
1360 1830 1457 1872 vela
1485 1830 1702 1872 Britanna
1724 1838 1869 1871 vocat.

865 1898 964 1939 Has
987 1912 1111 1948 avus,
1136 1898 1232 1948 has,
1257 1898 1414 1952 inquit,
1440 1898 1547 1940 mihi
1572 1899 1709 1940 mittit
1732 1898 1980 1940 avunculus
2007 1898 2148 1947 alnos,

924 1968 1049 2008 Haec
1073 1974 1224 2021 pater;
1261 1967 1335 2009 illa
1358 1967 1437 2010 tibi
1460 1967 1597 2010 lintea
1625 1974 1768 2009 mater
1793 1969 1918 2010 habe.

865 2035 1082 2078 Credulus
1106 2035 1176 2077 ille
1200 2036 1392 2090 quidem,
1418 2038 1494 2078 sed
1519 2051 1631 2090 quae
1655 2051 1701 2078 se
1724 2051 1901 2078 cernere
1925 2036 2077 2086 credit,

925 2105 1088 2147 Debita
1110 2105 1334 2148 littoribus
1355 2106 1453 2148 vela
1476 2106 1597 2148 fuere
1620 2107 1746 2148 meis.

868 2174 1002 2216 Nulla
1024 2175 1223 2217 timenda
1246 2190 1369 2217 mora
1392 2182 1485 2223 est:
1519 2183 1670 2217 tamen
1695 2182 1741 2217 ut
1766 2176 1873 2217 mihi
1897 2175 2018 2218 nulla
2041 2176 2239 2217 timenda

925 2245 990 2286 Sit
1015 2258 1151 2294 mora,
1177 2246 1292 2298 quod
1315 2245 1475 2296 facitis,
1500 2259 1579 2287 vos
1602 2260 1837 2300 properare
1859 2260 2026 2300 precor.

696 2495 834 2536 Sophia,
852 2501 1042 2527 ancestress
1060 2495 1098 2526 of
1114 2496 1231 2537 Queen
1249 2495 1411 2533 Victoria,
1429 2506 1500 2527 was
1517 2506 1583 2527 one
1599 2496 1639 2527 of
1651 2496 1708 2527 her
1725 2496 1887 2527 children.

809 2551 860 2589 83.
887 2551 1038 2580 Functae
1064 2573 1070 2580 .

696 2713 819 2754 “hope
835 2713 987 2744 deferred
1000 2713 1042 2753 '’).

809 2777 861 2806 93.
887 2769 979 2798 Avus
1005 2791 1012 2798 .
1039 2791 1045 2798 .
1072 2791 1078 2798 .

696 2876 852 2916 negative
878 2881 896 2892 ‘¹
912 2876 1056 2906 nullus''
1081 2877 1249 2907 attached.

811 2932 863 2969 98.
888 2931 959 2961 Vos
976 2940 1153 2971 properare
1170 2932 1313 2971 precor]
1367 2932 1395 2961 A
1412 2932 1644 2964 construction
1663 2932 1806 2964 allowed
1823 2932 1868 2973 by
1884 2932 1981 2964 Ovid.

1098 2574 1104 2580 .
1133 2574 1140 2580 .
1167 2550 1346 2590 parentis]
1393 2543 1464 2581 He'r
1480 2550 1624 2588 mother,
1642 2551 1741 2581 Anne
1758 2551 1798 2581 of
1812 2550 1994 2587 Denmark,
2013 2549 2080 2581 had
2097 2549 2174 2580 died
2191 2549 2224 2580 in
2246 2551 2337 2588 1619.

809 2605 860 2635 88.
887 2604 994 2635 Collis
1007 2605 1198 2644 amoenus]
1229 2606 1282 2634 An
1297 2604 1442 2635 allusion
1457 2611 1491 2635 to
1505 2606 1562 2636 the
1577 2604 1796 2645 magnificent
1809 2605 1971 2636 situation
1986 2605 2089 2636 ofthe
2103 2603 2218 2635 Castle
2229 2603 2268 2635 of
2278 2603 2495 2644 Heidelberg.

810 2668 861 2698 91.
887 2659 1009 2690 Vestra
1033 2660 1158 2699 putat.]
1203 2659 1257 2700 Cf.
1284 2659 1383 2697 Ovid,
1410 2659 1551 2691 Hcrold.
1580 2660 1624 2691 ΙΙ.
1653 2669 1710 2699 125
1736 2661 1771 2700 (a
1797 2659 1924 2691 similar
1951 2659 2075 2690 distich
2102 2669 2140 2690 as
2162 2664 2198 2690 to
2225 2658 2364 2689 outlook
2392 2657 2496 2688 under

1104 2768 1319 2808 avunculus]
1363 2768 1479 2808 James
1497 2769 1522 2799 1.
1540 2769 1580 2799 os
1595 2769 1753 2809 England
1770 2769 1836 2800 and
1855 2769 2040 2800 Christiern
2060 2769 2118 2800 IV.
2137 2768 2176 2799 of
2190 2767 2369 2799 Denmark.

809 2832 862 2862 97.
891 2822 937 2852 Ut
955 2822 1074 2861 nulla.]
1121 2822 1203 2853 Fine
1221 2823 1376 2863 example
1392 2823 1431 2854 of
1451 2827 1470 2840 “
1484 2829 1519 2854 ut
1533 2824 1551 2838 ’³
1578 2823 1609 2854 in
1635 2834 1734 2855 sense
1754 2824 1793 2854 of
1813 2828 1831 2841 ‘¹
1844 2823 2013 2863 though,''
2032 2823 2098 2854 and
2114 2823 2222 2854 hence
2238 2822 2319 2852 with
2337 2820 2496 2863 objective

2443 996 2494 1037 80

2442 1701 2495 1742 90

807 2395 859 2427 72.
885 2386 984 2418 Orbis
1002 2386 1096 2418 Elisa
1113 2387 1241 2426 decus]
1283 2387 1473 2424 Elizabeth,
1491 2387 1548 2418 the
1567 2387 1722 2418 Princess
1741 2387 1905 2425 Palatine‚
1920 2387 1987 2418 and
2003 2386 2118 2418 titulat
2135 2387 2253 2428 Queen
2268 2386 2307 2417 of
2320 2385 2495 2417 Bohemia.

1223 2441 1359 2481 Among
1381 2441 1437 2472 the
1460 2441 1540 2473 then
1563 2451 1680 2482 young
1701 2441 1835 2482 princes
1856 2451 1927 2473 was
1946 2442 2064 2473 Prinee
2083 2442 2220 2482 Rupert.
2270 2440 2344 2472 The
2360 2440 2497 2472 famous

2559 2561 2566 2721 l
