2594 3749
603 345 827 378 APOLOGY
860 345 954 376 FOR
989 345 1139 377 LEITH
1172 346 1383 379 SAILORS.
1810 354 1887 395 141

262 465 443 506 Artibus
465 463 671 518 ingenuis
694 477 806 517 quae
829 462 1067 517 praesidet,
1091 463 1259 506 innuba
1285 464 1422 519 virgo,

321 535 447 576 Haec
470 532 688 575 latrocinii
712 531 909 587 praemia
930 532 1042 573 ferre
1065 532 1200 574 dedit.

262 602 442 645 Scilicet
465 609 532 644 est
557 601 740 657 Superis
761 615 871 656 gens
893 601 1174 655 praedatoria
1196 615 1343 651 curae,

320 673 559 714 Furtorum
584 670 728 713 socios
751 670 890 712 credit
914 676 956 712 et
980 684 1078 712 esse
1104 671 1239 712 Deos.

263 742 364 796 Ipse
390 742 537 782 Deum
561 740 778 794 interpres
800 739 919 781 fures
944 739 1175 795 Cyllenius
1201 739 1316 781 inter

320 810 513 860 Emicat,
539 816 580 851 et
604 809 707 851 furti
731 808 925 850 creditur
947 823 1043 850 esse
1066 822 1241 863 parenS.

263 880 361 921 Hoc
385 886 510 920 satus
532 879 779 933 Autolycus
801 877 971 932 patrias
993 892 1081 919 non
1105 879 1299 932 degener
1320 884 1440 920 artes

317 947 495 995 Calluit‚
519 954 560 989 et
584 948 733 1001 piceas
757 946 932 988 strinxit
956 947 1119 1000 ubique
1142 961 1313 989 manus.
1836 961 1890 1000 30

261 1018 354 1058 Nec
378 1017 521 1058 socios
544 1017 760 1058 duntaxat
784 1016 918 1057 habet
942 1017 994 1057 de
1017 1016 1144 1070 plebe
1170 1017 1395 1058 Deorum:

317 1087 461 1141 Quem
485 1085 608 1135 colis,
633 1084 841 1126 immensi
863 1085 981 1127 furta
1004 1085 1178 1127 revolve
1204 1085 1336 1127 Iovis.

261 1154 447 1209 Singula
470 1154 569 1208 quis
592 1154 830 1195 numeret?
864 1155 917 1196 de
941 1153 1095 1195 multis
1119 1154 1280 1196 sufficit
1304 1169 1419 1196 unus

318 1224 465 1279 Phryx
488 1238 609 1278 puer,
634 1230 676 1264 et
699 1222 835 1278 Tyrio
857 1229 985 1277 rapta
1008 1223 1156 1277 puella
1179 1223 1285 1265 seni,

261 1294 392 1334 Hanc
416 1299 542 1347 pater
564 1292 799 1334 aethereus
821 1292 937 1334 nivei
961 1294 1042 1334 sub
1065 1292 1259 1347 imagine
1282 1292 1397 1334 tauri

317 1362 528 1412 Abstulit,
555 1362 672 1403 hunc
696 1361 809 1403 falsa
831 1360 1142 1403 dissimulatus
1165 1376 1261 1403 ave.

260 1432 354 1473 Nec
378 1431 535 1485 puduit
556 1431 660 1472 furti
685 1437 979 1472 monumenta
1002 1431 1214 1485 perennia
1241 1431 1367 1473 caelo

318 1501 536 1554 Supremo
559 1499 710 1553 digitis
733 1499 972 1541 inseruisse
1001 1499 1104 1541 suis.

260 1569 467 1623 Explicat
492 1568 563 1610 hic
586 1568 792 1618 volucris,
818 1583 1005 1623 puerum
1030 1583 1142 1622 quae
1166 1569 1363 1619 sustulit,
1389 1569 1530 1623 ignes,

318 1638 412 1679 Nec
435 1638 587 1692 procul
611 1637 714 1679 hinc
737 1637 876 1692 pueri,
902 1653 1033 1692 quem
1057 1638 1174 1688 tulit,
1201 1652 1312 1680 urna
1335 1637 1462 1680 nitet.
1837 1651 1892 1692 40

260 1706 457 1761 Virginis
480 1706 551 1747 hic
574 1712 724 1760 raptor
746 1707 824 1748 bos
848 1712 1019 1760 septem
1043 1712 1167 1761 terga
1190 1706 1350 1761 puellis

317 1775 520 1825 Subiicit,
544 1775 779 1817 aethereas
801 1781 843 1817 et
867 1775 978 1816 nitet
1002 1776 1118 1817 inter
1139 1790 1294 1829 aquas.

261 1844 377 1899 Quin
401 1851 443 1885 et
467 1846 748 1898 Agenoreum
773 1859 886 1898 quae
909 1851 1101 1899 tangunt
1125 1845 1271 1887 sidera
1292 1850 1487 1895 taurum,

318 1914 370 1954 In
394 1913 534 1967 pretio
560 1913 687 1954 Divis
708 1913 826 1955 furta
848 1913 985 1955 fuisse
1009 1920 1208 1955 monent.

260 1982 378 2024 Hinc
401 1997 552 2036 pecus,
576 1982 677 2024 inde
701 1982 773 2036 pio
795 1982 949 2025 rutilat
973 1997 1075 2024 cum
1100 1984 1287 2026 Castore
1312 1983 1495 2032 Pollux;

317 2052 488 2093 Praeda
510 2066 659 2105 pecus,
684 2053 848 2106 praedo
869 2051 1006 2094 frater
1027 2058 1213 2106 uterque
1235 2052 1331 2094 fuit.

260 2121 438 2161 Numen
462 2127 648 2174 uterque
673 2121 810 2162 maris
833 2121 1068 2163 naucleros
1090 2121 1262 2164 artibus
1285 2121 1372 2163 illis

317 2189 498 2239 Imbuit,
523 2190 578 2231 ad
602 2204 748 2230 mores
770 2189 1055 2244 instituitque
1080 2205 1199 2232 suos.

257 2257 385 2299 Tunc
409 2273 584 2312 quoque
606 2258 849 2313 promeruit
873 2260 1046 2301 caelum
1070 2259 1337 2315 Tirynthius
1360 2259 1505 2309 heros,

315 2328 461 2369 Aurea
484 2341 584 2369 cum
609 2342 740 2369 caeso
762 2342 895 2382 poma
918 2329 1109 2371 dracone
1132 2328 1250 2370 tulit.
1836 2339 1889 2381 50

259 2397 352 2437 Nec
376 2397 510 2450 pudet
534 2396 653 2438 hunc
675 2396 806 2438 furti:
841 2412 971 2451 quem
996 2397 1315 2451 compilaverat
1338 2396 1454 2437 horti

316 2466 559 2507 Custodem
583 2465 772 2519 pedibus
794 2467 870 2507 sed
894 2466 1054 2520 premit
1078 2481 1218 2520 usque
1242 2465 1350 2507 suis.

257 2532 385 2575 Tunc
408 2548 549 2587 genus
575 2534 717 2588 Iapeti
740 2535 858 2585 felix,
882 2541 989 2576 tunc
1014 2535 1133 2577 secla
1154 2535 1331 2576 fuerunt

315 2603 476 2652 Aurea,
500 2616 581 2644 nec
604 2603 748 2657 potior
769 2617 964 2658 paupere
986 2604 1110 2646 dives
1133 2610 1241 2645 erat.

258 2670 404 2712 Vicini
425 2672 639 2714 tondebat
662 2687 767 2714 oves
791 2672 886 2715 sine
909 2672 1094 2715 crimine
1118 2686 1299 2727 pauper,

286 2805 337 2836 23.
361 2796 497 2838 Virgo]
545 2797 710 2830 Minerva.
761 2798 905 2836 Innuba,
924 2808 967 2830 an
986 2798 1133 2830 Ovidian
1150 2797 1256 2830 word.

285 2860 337 2891 34.
364 2851 485 2892 Phryx,
502 2853 584 2892 etc.]
630 2852 832 2893 Ganymede
847 2853 930 2884 with
948 2853 1000 2883 his
1017 2853 1146 2893 pitcher
1163 2862 1200 2884 or
1219 2853 1325 2889 Urna,
1344 2851 1411 2883 and
1429 2852 1565 2892 Europa
1581 2861 1625 2882 on
1642 2851 1700 2882 the
1718 2851 1807 2882 Bull.

283 2915 335 2945 37.
362 2906 613 2946 Monumenta]
658 2907 802 2944 Taurus,
820 2907 953 2949 Aquila,
972 2907 1152 2948 AquariuS‚
1171 2917 1207 2938 or
1226 2907 1456 2947 Ganymedes.

284 2968 336 2999 53.
362 2959 479 2992 Genus
498 2960 630 3000 Iapeti]
679 2961 797 2992 Seems
813 2961 893 2992 here
910 2966 969 2992 not
989 2960 1211 2992 Prometheus
1228 2970 1268 2992 so
1285 2960 1386 2992 much
1404 2970 1441 2991 as
1461 2959 1662 3000 Humanity.
