2594 3749
46 3012 48 3021 ι

46 3028 49 3045 1

181 2683 231 2704 21.
256 2674 438 2714 Aphrodisi

71 2727 192 2769 Lycus
210 2728 292 2760 ibid.
314 2740 363 2769 19.

182 2792 232 2824 27.
260 2785 448 2826 Nympha.]
494 2785 561 2825 i,c.,
584 2790 603 2803 “
618 2786 821 2825 Salmacis‚''
841 2797 878 2818 as
895 2787 1011 2823 above,
1030 2786 1051 2817 l.
1073 2787 1120 2819 18.

181 2848 233 2878 30.
261 2839 384 2870 Cressa
399 2840 542 2880 puella.]
587 2839 653 2877 i.e.‚
673 2841 837 2878 Phaedra,
855 2841 888 2871 in
906 2841 964 2872 the
981 2847 1074 2881 story
1090 2841 1130 2872 of
1144 2840 1363 2881 Hippolytus.

181 2893 233 2931 46.
259 2893 435 2933 Cyteina]
474 2897 493 2911 “
509 2894 677 2934 Cytaeis''
703 2895 731 2926 is
756 2905 776 2926 a
799 2905 899 2926 name
916 2895 966 2926 for
985 2894 1109 2927 Medea
1126 2894 1159 2925 in
1180 2894 1394 2935 Propertius:
1419 2894 1560 2925 whence
1579 2898 1682 2925 “arte
1699 2893 1843 2935 Cyteina
1857 2894 1875 2905 ''

70 2951 158 2976 must
175 2956 273 2978 mean
292 2952 310 2964 ‘⁴
322 2948 507 2980 witch-like
519 2950 537 2962 '⁷
557 2956 619 2982 art.
669 2950 734 2981 See
751 2959 850 2990 poem
867 2955 902 2981 to
920 2949 1095 2986 Barlaeus,
1115 2949 1181 2980 No.
1200 2948 1381 2986 XLVIII.‚
1399 2947 1420 2979 1.
1439 2949 1489 2980 28.

811 350 874 382 TO
906 349 1096 382 CAELIA.

282 469 438 512 Invida
460 482 707 524 purpureas
729 467 931 521 inquinat
956 469 1074 509 unda
1095 482 1258 521 genas:

222 539 316 580 Nec
339 537 479 580 soboli
502 544 632 579 nocet
656 537 767 578 haec
790 536 1027 590 Aphrodisi
1051 550 1186 586 more,
1211 537 1407 591 parentis

281 607 374 648 Nec
397 607 514 661 potis
536 613 602 648 est
625 605 764 648 vitam
787 605 942 646 tollere
966 619 1087 646 more
1111 605 1220 660 Lyci
1239 620 1247 646 :

224 675 407 717 Saevior
428 675 499 716 his
521 676 631 717 dura
653 673 894 728 populatur
918 672 1091 715 viscera
1117 675 1220 715 tabe

282 743 467 794 Gadius,
494 743 635 785 Idalio
657 749 793 786 torret
816 748 858 784 et
881 742 982 796 igne
1004 742 1136 784 iecur.

226 814 325 854 Hoc
349 813 482 854 simul
506 811 690 854 incaluit
713 811 851 866 virgo,
875 810 1097 865 traxitque
1119 825 1354 861 venenum,

282 882 383 923 Non
406 888 528 923 amat
552 881 713 929 infelix,
736 881 813 922 sed
836 879 931 922 sine
954 894 1076 922 more
1097 880 1218 922 furit.

225 950 381 992 Mitius
403 950 578 992 incendi
602 965 649 992 se
672 949 811 991 sensit
837 949 1048 1004 Nympha
1072 950 1154 991 sub
1177 949 1323 999 undis,

282 1021 408 1075 Quae
432 1034 534 1074 pars
556 1020 675 1062 facta
696 1019 780 1061 fuit
803 1018 1127 1073 dimidiumque
1148 1018 1244 1060 viri.

226 1088 382 1130 Mitius
405 1088 578 1138 exarsit,
603 1103 716 1142 quae
739 1087 905 1143 scripto
928 1087 1119 1142 prodidit
1143 1087 1304 1129 effrons

285 1156 484 1199 Pectoris
507 1156 665 1199 incesti
690 1157 852 1200 Cressa
875 1157 1020 1211 puella
1043 1157 1174 1199 faces.

227 1225 449 1281 Pasiphae
473 1225 621 1268 minus
644 1232 726 1276 est,
752 1225 901 1267 minus
924 1232 1026 1268 usta
1050 1225 1325 1275 Semiramis,
1350 1239 1499 1268 armos

286 1296 413 1337 Haec
436 1294 480 1336 in
503 1294 603 1349 equi
626 1296 809 1337 demens
832 1309 933 1337 cum
956 1294 1058 1344 ruit,
1082 1293 1158 1336 illa
1180 1294 1320 1337 bovis.

227 1363 440 1406 Gadiacis
462 1364 624 1414 confer,
649 1379 760 1418 quas
783 1363 921 1406 iactat
946 1363 1110 1419 Cypria
1132 1364 1354 1413 flammas,

284 1434 496 1489 Quaeque
519 1433 631 1475 solet
656 1433 846 1488 Cyprius
868 1434 957 1475 tela
978 1433 1151 1475 vibrare
1173 1448 1306 1488 puer;

228 1502 309 1543 Vel
333 1501 455 1557 picti,
478 1502 547 1543 vel
571 1508 675 1544 sunt
699 1501 907 1544 exstincti
931 1502 1137 1557 Cypridis
1160 1501 1299 1556 ignes,

286 1572 497 1626 Quaeque
519 1585 630 1626 puer
650 1570 793 1613 vibrat
817 1570 998 1625 cuspide
1021 1571 1110 1613 tela
1133 1578 1296 1613 carent.

230 1639 355 1681 Absit
380 1646 427 1681 ut
451 1640 533 1681 has
555 1639 687 1687 diras,
709 1639 869 1694 quibus
893 1639 981 1681 urit
1006 1639 1191 1689 Gadius‚
1219 1641 1359 1682 undas

290 1709 474 1763 Ignibus
497 1708 717 1751 aethereis
739 1708 980 1751 incaluisse
1003 1715 1170 1763 putem.

232 1779 318 1820 Sed
342 1792 486 1832 neque
509 1776 768 1819 crediderim
793 1777 969 1819 misceri
994 1778 1210 1832 sulphura
1232 1777 1441 1833 lymphis,

288 1847 371 1888 Vel
395 1848 511 1901 quod
533 1847 699 1889 humus
721 1847 845 1889 iuxta
866 1847 977 1888 forte
1001 1846 1202 1889 bitumen
1225 1847 1373 1889 habet.

234 1915 280 1958 Si
305 1931 391 1970 qua
413 1916 523 1958 fides
545 1916 649 1965 vati,
672 1930 752 1958 nec
776 1930 846 1958 me
869 1916 1015 1958 malus
1038 1916 1198 1971 abripit
1222 1931 1356 1966 error,

291 1985 421 2027 Certe
444 1985 622 2039 aliquod
645 1985 851 2039 lymphis,
875 1999 954 2027 nec
978 1985 1086 2035 leve,
1111 1985 1233 2026 virus
1255 1985 1384 2027 inest.

234 2054 369 2095 Virus
391 2054 522 2104 inest,
547 2054 614 2096 vel
639 2054 739 2109 equi
764 2054 992 2096 nascentis
1013 2054 1157 2096 fronte
1180 2055 1423 2104 revulsum,

291 2123 372 2165 Vel
395 2125 510 2177 quod
535 2123 674 2165 stillat
697 2138 850 2178 equae,
875 2125 980 2165 dum
1004 2123 1124 2173 furit,
1149 2123 1312 2177 inguen
1336 2123 1465 2164 hians
1485 2137 1493 2172 ;

234 2192 315 2233 Vel
341 2192 683 2246 Phlegethontei
707 2192 981 2247 permiscens
1003 2191 1193 2246 gurgitis
1217 2193 1360 2234 undas

284 2262 389 2302 Arte
414 2261 603 2316 Cyte‘ina
624 2261 845 2303 Thessala
869 2261 997 2303 laesit
1020 2275 1146 2302 anus.

237 2329 443 2371 Creditur
464 2330 535 2372 hic
558 2330 704 2372 amnis
726 2329 875 2385 Tyriis
898 2345 923 2372 a
947 2330 1151 2372 Gadibus
1174 2336 1312 2379 ortus,

298 2399 356 2440 Et
382 2398 595 2441 Gaditani
618 2399 730 2441 forte
753 2414 950 2454 propago
973 2399 1072 2440 freti
1096 2405 1177 2441 est.

238 2468 453 2509 Aemulus
476 2468 635 2522 Alphei
659 2469 812 2511 subter
838 2483 960 2510 mare
985 2483 1140 2510 versus
1163 2470 1217 2510 ad
1241 2470 1407 2510 Arcton

297 2539 402 2593 Egit
426 2538 679 2593 inexpertas
702 2553 780 2594 per
801 2540 898 2582 loca
921 2554 1055 2581 caeca
1077 2538 1183 2581 vias.

945 3018 971 3046 Κ
978 3018 1003 3046 Κ

1766 353 1845 395 257

1795 481 1848 510 20

1803 1169 1856 1208 30

1811 1858 1865 1898 40

1818 2549 1871 2590 50

465 2699 471 2706 .
498 2699 505 2705 .
532 2698 539 2705 .
567 2675 678 2716 Lyci]
724 2676 867 2708 Flumen
882 2675 1124 2717 Aphrodisium
1139 2675 1269 2707 steriles
1283 2675 1372 2707 facit.
1426 2674 1534 2715 Pliny,
1550 2674 1644 2705 NH.
1663 2684 1715 2714 31,
1729 2683 1767 2715 7:
1787 2680 1873 2705 asto
