2594 3749
693 328 770 368 182
1467 332 1708 364 PARERGA.

730 897 956 938 XXVIII.
997 897 1082 938 DE
1119 897 1277 940 PACE
1312 894 1514 936 INTER
1547 893 1782 937 SCOTOS
1815 892 1898 935 ET
1931 893 2176 936 GALLOS
2211 893 2435 936 RUPTA.

1416 1044 1657 1086 ELEGIA
1691 1043 1752 1084 II.

857 1197 988 1238 Nunc
1011 1211 1092 1250 ego
1115 1195 1375 1238 crediderim
1398 1195 1510 1236 freta
1532 1193 1825 1247 vectigalibus
1849 1193 1993 1243 undis,

915 1265 1106 1307 Lumine
1130 1265 1324 1306 sidereas
1346 1278 1475 1319 posse
1498 1277 1646 1305 carere
1669 1263 1803 1305 faces.

857 1334 1129 1376 Crediderim
1154 1334 1322 1388 gelidos
1345 1333 1388 1374 in
1412 1333 1557 1374 fontes
1580 1347 1709 1387 posse
1732 1332 1868 1374 relabi

915 1403 1138 1453 Flumina,
1165 1404 1395 1444 Phoebeas
1418 1409 1460 1444 et
1483 1416 1680 1443 remeare
1703 1408 1837 1451 rotas,

859 1474 1043 1527 Imaque
1066 1485 1273 1526 supremo
1296 1472 1471 1514 misceri
1493 1471 1684 1513 Tartara
1714 1471 1852 1521 caelo,

917 1543 1057 1595 Inque
1080 1542 1180 1596 polo
1205 1541 1410 1596 Stygium
1435 1547 1612 1595 sceptra
1633 1547 1783 1582 tenere
1808 1541 1976 1582 Iovem.

858 1612 931 1653 Nil
956 1627 1043 1653 non
1067 1626 1196 1665 posse
1219 1619 1371 1666 putem
1396 1611 1489 1652 fieri
1512 1610 1599 1652 iarn
1620 1627 1628 1652 :
1663 1610 1836 1652 foedere
1859 1618 2003 1664 rupte,

914 1681 1084 1724 Celtica
1109 1681 1404 1735 Fergusidfim
1430 1679 1648 1733 sanguine
1671 1694 1778 1734 gesa
1800 1680 1974 1722 rubent.

857 1750 1061 1792 Scoticus
1084 1750 1128 1791 in
1153 1750 1308 1793 Celtae
1332 1749 1533 1803 iugulum
1557 1748 1839 1802 distringitur
1860 1748 1993 1799 ensis,

916 1819 990 1868 Et,
1015 1833 1147 1872 quam
1171 1818 1365 1860 defendit
1389 1832 1535 1872 saepe,
1560 1823 1763 1859 cruentat
1787 1818 1990 1859 humum.
2432 1828 2484 1858 10
2552 1847 2554 1850 ψ

859 1887 904 1928 Si
929 1887 1032 1941 quid
1056 1887 1220 1928 habent
1247 1888 1445 1929 Umbrae
1469 1900 1640 1936 sensus,
1664 1886 1774 1928 haec
1796 1886 1918 1928 flebit
1941 1885 2152 1935 Achaius‚

916 1957 1109 2011 Magnus
1131 1956 1175 1998 in
1201 1956 1354 2011 Elysio
1378 1957 1599 1999 CAROLUS
1622 1957 1725 1998 orbe
1747 1962 1910 2010 gemet.

858 2027 983 2081 Quae
1006 2041 1123 2068 nunc
1146 2033 1276 2080 rupta
1298 2026 1463 2076 vident,
1488 2039 1672 2067 sanxere
1694 2025 1930 2080 nepotibus
1951 2025 2055 2067 olim

917 2096 1129 2146 Foedera,
1154 2109 1422 2149 praeconum
1445 2095 1579 2137 verba
1600 2094 1736 2136 fuisse
1758 2095 1919 2137 ferunt.

861 2166 980 2206 Dum
1005 2167 1132 2207 cadet
1158 2164 1419 2219 Hesperius,
1444 2165 1548 2206 dum
1574 2164 1648 2206 Sol
1672 2170 1884 2206 nascetur
1907 2165 2044 2215 Eous,

916 2235 1027 2275 A'ere
1050 2235 1155 2276 dum
1180 2234 1325 2275 medio
1349 2233 1495 2275 cincta
1518 2233 1713 2287 quiescet
1737 2233 1927 2282 humus3

862 2303 1057 2344 Foedere
1079 2303 1320 2357 iungentur
1341 2302 1508 2357 populi,
1533 2316 1642 2356 quos
1671 2302 1786 2343 Lilia
1813 2316 1939 2352 cana,

919 2372 978 2413 Et
1002 2386 1113 2426 quos
1136 2371 1408 2426 sanguineus
1429 2371 1551 2414 ducit
1574 2373 1629 2413 ad
1653 2385 1777 2413 arma
1801 2372 1908 2413 Leo.

861 2441 934 2482 Sol
957 2440 1078 2482 velut
1102 2447 1205 2482 ante
1228 2446 1363 2491 meat,
1388 2439 1534 2482 medio
1558 2446 1646 2482 stat
1671 2440 1714 2481 in
1738 2446 1837 2482 ae're
1864 2440 2024 2489 tellus;

920 2509 1008 2550 Hei
1032 2509 1155 2560 mihi,
1180 2524 1258 2551 cur
1277 2523 1388 2563 gens
1410 2516 1476 2551 est
1499 2515 1671 2559 neutra,
1696 2510 1811 2564 quod
1834 2516 1938 2551 ante
1966 2509 2082 2551 fuit?
2431 2520 2485 2550 20

861 2577 952 2619 Cur
973 2578 1120 2620 socius
1143 2578 1216 2631 qui
1240 2591 1416 2632 semper
1436 2585 1545 2628 erat,
1570 2591 1687 2619 nunc
1710 2577 1872 2620 dicitur
1892 2577 2049 2628 hostis,

826 2722 853 2743 1.
882 2712 1021 2754 Undis]
1065 2713 1232 2753 Ablative,
1253 2714 1424 2755 governed
1440 2713 1485 2755 by
1501 2717 1522 2731 “
1534 2713 1681 2750 carere‚”
1697 2723 1855 2745 common
1873 2720 1909 2745 to
1925 2713 2006 2746 both
2023 2713 2166 2745 clauses.

824 2777 854 2807 7.
880 2767 937 2798 Nil
955 2768 1049 2808 non.]
1095 2768 1169 2799 The
1193 2768 1320 2800 edition
1347 2769 1387 2799 of
1407 2768 1457 2807 ’32
1482 2768 1596 2809 places
1619 2768 1718 2800 colon
1743 2768 1827 2800 after
1853 2767 2007 2807 “fieri’';
2031 2768 2089 2800 the
2112 2767 2261 2799 Delitiae
2284 2773 2362 2809 puts
2384 2767 2486 2799 colon

689 2821 772 2852 after
789 2825 808 2838 “
822 2821 922 2859 iam,’'
938 2822 1004 2854 and
1022 2833 1060 2854 so
1078 2823 1150 2854 also
1166 2823 1223 2854 the
1243 2823 1460 2864 Middelburg
1480 2823 1618 2854 edition.

824 2876 854 2906 8.
881 2876 1002 2916 Gesa.]
1046 2877 1092 2908 Or
1110 2880 1129 2894 “
1143 2877 1279 2918 gaesa,'’
1297 2876 1411 2908 Gallie
1428 2887 1591 2918 weapons
1607 2877 1640 2907 in
1658 2876 1716 2908 the
1733 2876 1838 2917 shape
1854 2877 1894 2908 os
1907 2877 2017 2918 heavy
2029 2876 2185 2918 javelins.

807 2938 855 2960 12.
882 2929 1053 2971 Carolus]
1099 2931 1178 2961 Karl
1195 2931 1252 2961 the
1271 2931 1387 2967 (ἂι-εει,
1404 2940 1440 2961 or
1459 2930 1718 2972 Charlernagne.
