2594 3749
615 352 682 385 ΟΝ
718 353 979 386 BARLAEUS
1011 355 1072 386 OF
1106 354 1359 388 HOLLANI).

493 857 717 897 XLVIII.
753 856 839 897 DE
875 857 1170 898 BARLAEO
1206 855 1471 899 BATAVO.

250 996 287 1037 O
311 994 435 1036 daret
460 994 629 1036 Icarias
653 994 825 1036 utinam
850 994 959 1036 mihi
985 994 1187 1049 Iuppiter
1209 995 1318 1045 alas,

309 1064 390 1105 Vel
414 1064 576 1118 quibus
599 1063 829 1105 accinctus
855 1063 1083 1106 Daedalus
1106 1064 1200 1118 ipse
1222 1064 1304 1106 fuit
1323 1065 1330 1105 l

249 1133 331 1174 Vel
353 1132 448 1174 leve
470 1132 721 1187 remigium,
747 1147 833 1186 quo
855 1140 1011 1174 vectus
1033 1132 1227 1174 creditur
1248 1133 1369 1186 Argi,

306 1201 527 1256 Gorgonis
550 1209 592 1243 et
616 1201 823 1251 domitor,
849 1208 982 1243 natus
1006 1209 1192 1256 uterque
1218 1201 1351 1243 Iovis.

246 1271 345 1321 Vel,
370 1270 531 1324 quibus
553 1277 619 1312 est
643 1270 821 1324 sonipes
843 1271 1047 1312 sublatus
1070 1270 1114 1311 in
1138 1272 1290 1320 ardua,
1315 1285 1501 1325 pennas,

304 1339 386 1381 Vel
410 1339 569 1393 quibus
592 1347 658 1381 est
685 1339 906 1394 Phrygius
928 1347 1083 1381 vectus
1106 1339 1150 1380 in
1174 1346 1296 1381 astra
1319 1354 1437 1393 puer.

247 1408 457 1449 Protinus
480 1410 709 1450 Oceanum
733 1423 881 1462 supra,
907 1423 1178 1462 camposque
1200 1408 1434 1463 liquentes,

303 1476 424 1517 Hinc
448 1476 564 1518 celer
586 1477 818 1517 aethereas
841 1483 1041 1531 carperet
1066 1477 1136 1518 ala
1157 1476 1266 1518 vias.

243 1545 607 1599 Antevolansque
632 1546 776 1586 Notos
804 1544 991 1586 Batavis
1014 1559 1084 1586 me
1107 1545 1284 1587 sisteret
1308 1545 1410 1594 oris,

300 1615 423 1668 Quas
446 1614 596 1668 procul
621 1629 646 1655 a
669 1614 834 1655 nostris
857 1614 1037 1656 sedibus
1060 1629 1156 1656 esse
1179 1629 1349 1668 queror.

244 1683 331 1725 Hic
353 1697 480 1725 sacra
505 1682 681 1725 Barlaei
705 1690 953 1737 spectarem
977 1683 1227 1725 comminus
1250 1698 1340 1732 ora,

300 1752 430 1794 Vatis
452 1759 495 1794 et
519 1759 735 1806 augustos
758 1759 978 1793 sternerer
1000 1759 1103 1793 ante
1126 1754 1274 1806 pedes.

242 1821 450 1863 Forsitan
473 1827 657 1875 aspectu
682 1835 751 1862 me
774 1821 1033 1875 dignaretur
1054 1828 1096 1862 et
1112 1821 1207 1871 ille,

298 1890 384 1945 Qui
406 1890 541 1932 radiis
564 1890 745 1931 hebetat
768 1890 912 1931 sidera
936 1890 1080 1944 prisca
1104 1889 1210 1931 suis.

241 1962 410 2002 Forsan
435 1966 477 2000 et
501 1959 756 2014 amplexum
781 1960 1010 2013 praeberet
1034 1967 1077 2001 et
1100 1960 1253 2001 oscula
1274 1961 1469 2008 dextrae,

297 2031 463 2072 Cedere
486 2028 555 2070 cui
579 2036 730 2083 posset
754 2028 977 2083 Cynthius
999 2028 1092 2082 ipse
1116 2029 1290 2084 chelyn.

239 2102 483 2142 Penderem
507 2100 671 2142 tacitus
696 2101 896 2142 Batavae
921 2099 1088 2142 Sirenis
1111 2101 1166 2142 ab
1189 2114 1277 2149 ore,

297 2172 356 2212 Et
381 2169 577 2212 biberem
602 2169 755 2224 patula
782 2183 893 2223 quos
919 2170 1043 2210 daret
1068 2183 1172 2210 aure
1196 2183 1342 2210 sonos.

239 2239 514 2281 Heinsiadae
537 2253 764 2288 numeros,
788 2246 831 2279 et
855 2237 1006 2291 magni
1031 2240 1227 2292 pondera
1252 2237 1411 2287 Baudi,

294 2310 353 2350 Et
378 2307 550 2351 Genius
573 2307 701 2350 Groti
725 2314 877 2348 noster
899 2321 1086 2349 acumen
1110 2314 1247 2349 amat.

234 2376 398 2420 Omnia
422 2376 612 2418 Barlaeo
635 2375 854 2418 concessit
879 2375 1080 2430 Iuppiter
1101 2375 1192 2425 uni,

292 2445 419 2487 Illius
441 2452 485 2487 et
508 2459 588 2499 par
609 2451 675 2486 est
700 2444 897 2486 barbitos
921 2458 1009 2486 una
1032 2443 1188 2486 tribus.

234 2513 420 2556 Dulcior
441 2514 524 2555 hoc
547 2527 678 2555 nemo
701 2520 783 2563 est,
808 2527 939 2554 nemo
962 2512 1202 2562 nervosior‚
1226 2511 1315 2553 acri

289 2583 372 2624 Vel
396 2582 540 2637 magis
563 2583 806 2624 Ascraeum
830 2581 1004 2636 pectine
1027 2581 1176 2635 pulsat
1199 2582 1320 2622 ebur.

232 2653 355 2694 Gens
378 2657 484 2705 quot
507 2651 641 2692 habet
666 2648 905 2700 Batavum,
928 2657 1055 2691 vates
1077 2649 1307 2691 exosculor
1328 2663 1497 2697 omnes,

289 2721 350 2761 Et
372 2720 494 2768 colo;
530 2718 708 2761 Barlaei
732 2718 831 2773 plus
857 2726 1010 2760 tamen
1034 2717 1119 2759 urit
1142 2731 1281 2759 arnor.

442 2867 474 2896 4.
498 2855 580 2897 Argi
606 2878 613 2886 .
640 2878 648 2886 .
674 2877 681 2885 .
707 2854 882 2894 domitor]
927 2853 1168 2896 Ἀργειφόντης,
1189 2852 1253 2891 1'.e.‚
1278 2853 1446 2892 Mercury.

442 2912 473 2941 6.
500 2909 668 2950 Phrygius
684 2910 795 2950 puer.]
840 2909 1052 2950 Ganymede.

443 2975 476 3005 9.
502 2964 642 3004 Notos.]
687 2966 708 2981 ⁴‘
725 2964 807 2995 Noti
823 2963 841 2977 ’³
858 2963 892 2994 in
910 2963 1028 3004 plural,
1048 2964 1203 3004 frequent
1220 2962 1253 2992 in
1270 2961 1388 3002 Virgil.

927 3021 984 3050 OO

1808 348 1889 404 289

1821 1628 1872 1656 10

1808 2318 1862 2348 20
