2594 3749
768 347 835 378 ON
869 346 1109 380 VULTURN
1118 347 1190 380 us.
1797 340 1876 391 285

251 466 351 507 Non
375 479 456 520 ego
478 463 652 507 confodi
676 464 878 518 iugulum
903 464 1195 519 patruelibus,
1219 465 1364 507 almae

310 533 502 588 Pignora
525 547 605 574 nec
630 532 779 575 Cereri
802 539 955 574 nostra
977 535 1174 575 voranda
1195 533 1310 575 dedi.

0 647 1 658 γ
252 603 346 644 Nec
371 602 490 644 Iovis
513 601 677 643 ambivi
700 601 926 642 thalamos
949 600 1214 651 iuveniliter,
1242 601 1403 643 Isthmi

0 665 1 706 i
309 671 403 711 Nec
426 669 672 711 latrociniis
695 676 799 710 sunt
822 669 934 711 freta
957 676 1076 711 tecta
1099 669 1225 710 meis.

251 737 297 780 Si
323 738 427 792 quid
451 744 544 779 erat
569 737 741 791 culpae,
766 737 977 779 Vulturni
1000 737 1208 779 laudibus
1231 737 1335 779 olim

309 807 436 861 Quod
460 821 559 848 mea
581 805 758 860 turpavi
781 805 995 855 carmina,
1020 805 1150 859 culpa
1172 805 1268 847 fuit.
1824 821 1878 862 90

252 874 470 929 Delphice
493 876 549 916 da
570 874 764 916 veniam.
828 873 1027 916 Culicem
1054 875 1181 915 Maro
1203 874 1404 916 versibus
1427 881 1569 924 ornat,

310 945 529 998 Ranaque
555 943 763 985 Maeonia
785 942 1021 985 nobilitata
1043 943 1152 984 tuba
1175 950 1256 984 est.

253 1012 340 1054 Hic
364 1026 540 1066 quoque
564 1012 784 1061 laudatur,
806 1025 954 1066 pugno
977 1026 1108 1065 quern
1133 1011 1289 1053 stravit
1312 1010 1525 1062 Achilles,

310 1068 485 1135 Quique
507 1080 621 1122 truci
644 1079 805 1121 falsum
829 1079 986 1121 torruit
1010 1079 1111 1134 igne
1135 1080 1306 1121 bovem.

253 1150 348 1190 Nec
373 1163 453 1191 sua
476 1148 657 1191 calvitio
680 1149 841 1190 desunt
864 1148 1102 1203 praeconia
1123 1148 1257 1202 turpi,

310 1218 404 1259 Nec
428 1223 547 1259 caret
572 1216 716 1271 elogio
739 1231 873 1259 curva
896 1224 1077 1258 senecta
1101 1232 1197 1258 suo.

252 1287 338 1328 Sed
361 1300 442 1327 nec
465 1285 583 1327 iners
606 1285 711 1327 olim
734 1285 815 1327 fuit
839 1285 1081 1327 illaudatus
1105 1285 1283 1334 asellus,

309 1355 403 1395 Nec
428 1361 648 1407 quartana
670 1368 850 1404 nocens,
875 1368 957 1395 nec
979 1353 1202 1408 parasitus
1226 1355 1350 1395 edax.

254 1421 440 1465 Urimur
463 1422 631 1471 urticis,
657 1422 871 1464 inflantur
892 1421 1064 1464 viscera
1086 1422 1220 1476 rapis,

310 1491 503 1545 Magnus
526 1496 737 1544 utrasque
760 1498 911 1532 tamen
936 1505 1094 1545 praeco
1119 1491 1199 1532 sub
1223 1497 1344 1532 astra
1366 1489 1481 1532 tulit.
1801 1503 1881 1531 roo

253 1561 461 1614 Ipsaque,
488 1560 731 1601 Ionstonus
755 1574 889 1614 quam
914 1574 1031 1602 nunc
1055 1574 1164 1601 cane
1187 1559 1313 1613 peius
1336 1566 1378 1601 et
1402 1573 1546 1612 angue

309 1627 429 1677 Odit,
454 1627 588 1669 habet
612 1628 767 1670 laudes
789 1628 957 1670 rustica
978 1627 1071 1669 vita
1094 1642 1213 1669 suas.

253 1695 339 1736 His
362 1710 444 1750 ego
466 1696 648 1737 delusus
669 1695 814 1738 titulis
836 1695 1097 1746 illustribus,
1121 1710 1278 1738 amens

309 1764 476 1807 Ornavi
500 1764 708 1806 meritum
733 1764 929 1819 pessima
952 1779 1152 1819 quaeque
1174 1764 1334 1806 virum.

254 1832 332 1874 Ille
355 1833 448 1874 suis
470 1833 593 1888 gazis
615 1840 774 1883 tumet,
799 1833 1121 1887 immetataque
1148 1848 1250 1875 rura

311 1903 471 1951 Iactat,
496 1909 538 1944 et
562 1901 767 1956 ingentes
789 1902 1056 1944 ambitiosus
1078 1917 1200 1944 avos

254 1970 468 2025 Pauperis
491 1977 535 2012 at
560 1978 677 2013 certe
700 1977 767 2013 est
790 1971 936 2013 aliena
957 1971 1104 2013 vivere
1127 1971 1309 2025 quadra,

309 2040 369 2081 Et
392 2039 667 2094 depraedari,
691 2054 802 2094 quas
824 2040 957 2082 habet
980 2040 1105 2090 alter,
1129 2054 1248 2094 opes

252 2108 311 2149 Et
334 2122 475 2162 genus
498 2108 655 2158 eiurat,
680 2116 808 2163 rapto
836 2108 909 2163 qui
937 2107 1059 2159 vivit,
1084 2116 1127 2150 et
1150 2115 1248 2150 ortu

309 2176 376 2218 Sit
398 2176 500 2218 licet
524 2177 699 2228 illustri,
725 2184 906 2232 pectora
933 2177 1074 2231 plebis
1097 2177 1244 2218 habet.
1801 2190 1881 2218 110

252 2245 390 2287 Iussit
414 2253 455 2287 et
480 2246 598 2287 hunc
622 2246 750 2288 tundi
774 2246 932 2288 merito
957 2246 1026 2287 lex
1050 2245 1205 2287 Flavia
1228 2244 1385 2300 plagis,

309 2314 565 2357 Obstrictus
589 2314 722 2369 plagii
745 2315 930 2357 crimine
953 2314 1154 2369 quisquis
1176 2321 1283 2355 erat.

250 2382 320 2423 Ah
344 2397 425 2437 ego
449 2398 526 2425 cur
549 2383 697 2426 Claria
720 2384 852 2426 didici
876 2385 957 2425 sub
979 2398 1086 2438 rupe
1109 2382 1281 2438 puellas

310 2452 434 2493 Inter
454 2452 715 2506 Apollineae
738 2452 812 2495 fila
834 2467 1012 2494 movere
1035 2452 1188 2507 lyrae?

193 2565 244 2595 86.
270 2565 410 2606 Cereri.]
456 2567 596 2598 Human
618 2566 789 2599 sacrifices
812 2573 848 2599 to
871 2567 929 2598 the
953 2572 1100 2609 cognate
1125 2565 1282 2608 goddess,
1304 2565 1409 2597 Earth
1428 2575 1464 2597 or
1487 2564 1615 2604 Tellus,
1639 2575 1695 2596 are
1716 2565 1881 2606 probably

80 2617 211 2650 alluded
228 2625 274 2651 to.

193 2673 245 2713 87.
271 2673 361 2705 Iovis
378 2673 578 2715 thalamos]
622 2675 780 2707 Allusion
797 2681 831 2707 to
848 2675 906 2707 the
924 2674 1112 2706 audacities
1129 2674 1169 2705 of
1181 2673 1359 2713 Tantalus,
1382 2673 1490 2712 Ixion,
1509 2672 1576 2705 and
1591 2673 1649 2705 the
1665 2673 1743 2705 like.

193 2728 244 2767 87.
271 2727 422 2768 Isthmi]
468 2727 542 2759 The
559 2728 676 2769 rapine
699 2735 734 2760 at
750 2729 807 2760 the
826 2729 979 2760 Isthmus
996 2729 1036 2760 of
1047 2728 1191 2760 Corinth
1208 2728 1252 2769 by
1270 2728 1388 2760 Sciron
1406 2727 1463 2758 the
1480 2727 1610 2760 robber.

192 2789 244 2819 92.
272 2781 394 2821 Rana]
439 2781 514 2813 The
531 2782 644 2814 Battle
661 2783 701 2814 of
712 2783 769 2814 the
787 2784 895 2825 Frogs
912 2782 979 2814 and
998 2782 1098 2822 Mice,
1119 2782 1303 2814 attributed
1320 2788 1354 2813 to
1373 2783 1512 2812 Homer.

192 2844 244 2874 93.
269 2835 446 2877 Achilles.]
484 2836 660 2868 Thersites
675 2848 746 2868 was
763 2837 847 2874 said,
866 2838 898 2868 in
919 2837 1153 2869 Posthorneric
1170 2843 1300 2878 poetry‚
1318 2843 1354 2868 to
1371 2836 1457 2868 have
1474 2836 1559 2868 been
1576 2835 1676 2867 felled
1693 2835 1736 2876 by
1753 2846 1772 2867 a
1791 2835 1880 2867 blow

79 2887 164 2920 from
180 2889 238 2921 the
254 2889 309 2921 fist
325 2890 365 2921 of
383 2890 542 2924 Achilles.

192 2954 244 2984 94.
270 2944 600 2986 Quique—bovem]
646 2946 799 2978 Phalaris
816 2946 883 2978 and
900 2947 957 2978 the
973 2947 1098 2978 brazen
1116 2946 1196 2978 bull.
