2594 3749
720 335 751 365 A
783 326 1002 367 FisHER's
1034 335 1274 368 APOLOGY.
1807 341 1881 382 151

259 453 378 502 Mox,
402 452 474 494 ubi
498 453 580 493 fert
604 452 795 501 animus,
820 452 886 493 vel
910 452 1047 494 funda
1070 453 1251 494 verbero
1275 453 1497 507 lymphas,

314 522 395 563 Vel
419 521 563 563 iaculo
587 521 750 563 nitidos
774 522 860 576 figo
884 523 964 563 sub
988 536 1120 562 amne
1143 536 1313 575 greges.

258 592 388 632 Nunc
411 605 520 632 cava
543 590 749 632 vimineis
772 589 931 631 intrico
954 590 1142 632 flumina
1165 590 1328 640 nassis,

315 661 510 714 Scrupea
534 667 751 701 nocturna
775 673 892 700 nunc
914 660 1028 701 vada
1051 659 1192 700 lustro
1215 659 1321 701 face.

258 728 466 769 Flumina
490 742 607 769 nunc
631 728 775 770 caecis
798 727 907 768 mihi
931 727 1169 782 vectigalia
1193 727 1318 769 cistis

316 797 587 850 Depopulor,
613 803 791 851 cryptas
816 796 1021 837 Helladis
1044 810 1122 838 ora
1144 803 1285 838 vocat.

258 867 372 916 Hae,
393 865 567 920 quoties
590 865 734 920 pisces
762 880 946 919 superas
973 865 1178 906 nituntur
1200 865 1243 906 in
1268 867 1424 914 undas,

314 934 503 976 Nixibus
526 934 763 984 obsistunt,
786 933 1125 988 impediuntque
1147 933 1252 975 vias.
1837 946 1888 988 70

257 1004 350 1045 Nec
375 1003 485 1044 satis
508 1009 589 1053 est,
614 1010 760 1044 crates
783 1003 971 1044 stultum
995 1017 1131 1057 pecus
1155 1002 1291 1044 intrat
1314 1002 1506 1052 hiantes,

314 1071 532 1114 Conditur
553 1079 595 1113 et
620 1086 753 1113 caeco
776 1085 952 1113 carcere
976 1078 1102 1113 muta
1125 1071 1299 1113 cohors.

255 1140 380 1182 Talis
403 1155 558 1194 equus,
583 1140 745 1182 tacitos
769 1147 894 1182 utero
918 1140 991 1194 qui
1015 1139 1176 1182 clausit
1200 1139 1409 1189 Achivos,

315 1211 374 1251 Et
397 1209 530 1251 turris
556 1211 752 1259 Danaes,
778 1217 819 1250 et
845 1209 1152 1264 Labyrinthus
1175 1216 1283 1251 erat.

257 1279 410 1321 Salmo
432 1279 639 1332 frequens
661 1278 869 1332 trepidat,
895 1285 1060 1332 stupet,
1085 1278 1266 1332 angitur
1288 1278 1414 1320 obice
1437 1278 1632 1327 clausus,

315 1349 374 1389 Et
398 1347 672 1390 cancellatas
694 1354 870 1389 aestuat
898 1347 1013 1388 inter
1039 1361 1194 1401 aquas.

256 1417 445 1459 Advolat
469 1416 639 1458 interea
662 1416 874 1458 iuvenum
898 1430 1075 1466 manus,
1099 1416 1219 1458 ocior
1249 1417 1371 1458 Euro

314 1485 464 1541 Cingit
488 1492 530 1527 et
554 1485 798 1528 attonitum
822 1486 966 1527 multa
988 1485 1141 1528 carina
1165 1500 1316 1540 pecus.

258 1554 442 1596 Excutit
466 1554 537 1596 hic
560 1569 734 1605 caveas,
758 1556 969 1609 praedam
992 1554 1114 1596 vehit
1138 1554 1211 1596 ille
1235 1554 1435 1609 phaselo,

318 1625 426 1666 Pars
449 1623 559 1666 haec
582 1623 784 1678 captivos
807 1630 1053 1678 computat,
1077 1623 1154 1665 illa
1177 1630 1323 1666 necat.
1836 1624 1891 1665 80

260 1695 353 1735 Nec
377 1692 524 1734 minus
546 1693 756 1742 oblectat,
781 1692 924 1735 socios
947 1708 1048 1735 cum
1073 1692 1272 1734 ludimus
1295 1699 1404 1743 arte,

316 1764 406 1805 Ora
429 1762 590 1817 quibus
614 1761 809 1811 linimus,
835 1761 1220 1816 praeripimusque
1243 1763 1391 1816 dapes.

261 1833 459 1887 Imperat
482 1833 715 1874 obstantes
735 1831 831 1873 tolli
856 1831 931 1873 lux
953 1830 1145 1885 septima
1168 1830 1380 1881 clathros,

317 1902 452 1945 Liber
473 1909 520 1944 ut
544 1901 587 1943 in
612 1915 797 1956 superas
821 1901 963 1943 salmo
986 1901 1153 1943 feratur
1175 1915 1331 1955 aquas.

261 1972 412 2028 Exigit
435 1971 630 2014 edictum
654 1986 847 2025 poenas3
883 1985 1036 2026 parere
1059 1985 1242 2012 necesse
1266 1977 1347 2012 est.

320 2041 537 2083 Panditur
559 2040 807 2083 amnicolae
831 2047 958 2095 porta
981 2047 1049 2082 sat
1074 2040 1223 2094 ampla
1245 2040 1380 2094 gregi.

261 2112 329 2153 Ne
351 2117 503 2153 tamen
526 2111 642 2153 hanc
665 2111 813 2161 intret,
839 2117 973 2165 caput
997 2110 1068 2152 hic
1092 2124 1343 2151 mersamus
1366 2108 1590 2163 equinum,

320 2182 523 2234 Ossaque
546 2179 736 2222 brumali
760 2179 1018 2221 candidiora
1041 2179 1155 2220 nive.

263 2251 366 2292 Huc
388 2249 461 2292 ubi
484 2249 623 2292 flectit
646 2249 742 2299 iter,
767 2256 958 2290 terretur
980 2263 1195 2303 squamea
1220 2248 1381 2303 proles,

320 2320 394 2369 Et,
418 2318 538 2361 velut
561 2318 735 2361 obiecto
759 2317 983 2373 Gorgonis
1006 2332 1094 2368 ore,
1118 2317 1244 2371 fugit.
1839 2328 1893 2369 9ο

264 2389 474 2443 Dumque
497 2387 607 2442 fugit
633 2387 842 2442 Scyllam,
865 2402 1024 2429 saevae
1048 2387 1164 2429 subit
1189 2400 1265 2428 ora
1289 2384 1555 2440 Charybdis,

320 2459 379 2499 Et
403 2457 513 2512 perit
537 2456 689 2498 infelix
712 2457 907 2499 cratibus
930 2457 1093 2499 hausta
1117 2456 1242 2497 meis.

265 2527 388 2569 Mille
410 2527 691 2581 voluptatum
714 2526 839 2569 labor
860 2526 931 2568 hic
955 2526 1210 2568 cumulatur
1231 2539 1403 2573 acervo,

322 2598 381 2639 Et
404 2596 638 2639 lenociniis
661 2596 920 2650 deliciisque
943 2595 1090 2638 meris.

206 2735 257 2764 66.
284 2734 461 2765 Nocturna
476 2733 578 2773 sace]
624 2732 783 2774 Singulas
807 2740 842 2764 to
866 2732 937 2764 find
961 2733 1018 2764 the
1043 2731 1219 2764 autumnal
1244 2730 1370 2771 fishing
1393 2729 1475 2760 with
1496 2728 1552 2760 the
1577 2728 1718 2761 “crusie
1734 2729 1752 2742 ‘³
1769 2738 1808 2759 so
1825 2728 1893 2759 old.

97 2787 168 2819 The
180 2788 243 2819 fish
256 2787 343 2819 flock
359 2793 395 2819 to
410 2787 468 2818 the
485 2787 572 2828 light
589 2787 655 2818 and
672 2792 728 2828 get
744 2786 900 2818 knoeked
916 2786 984 2818 and
1001 2786 1158 2818 stunned.
1202 2785 1276 2816 The
1291 2794 1392 2815 scene
1406 2784 1439 2815 in
1455 2785 1581 2815 Scott's
1598 2784 1673 2824 Guy
1688 2782 1896 2822 Manncring

97 2841 160 2883 (eh.
185 2842 285 2884 xxvi.)
304 2842 342 2879 is,
361 2851 405 2872 on
430 2841 497 2872 this
521 2848 624 2882 sport,
642 2842 775 2873 classic.
823 2843 991 2882 Compare
1008 2841 1081 2872 also
1100 2842 1224 2871 Scott's
1240 2847 1309 2871 two
1334 2838 1511 2879 chat-ming
1528 2844 1666 2869 stanzas
1682 2848 1726 2869 on
1744 2837 1802 2869 the
1825 2843 1894 2868 two

97 2896 212 2928 modes
227 2897 266 2928 of
285 2896 436 2938 angling,
460 2895 505 2936 by
529 2895 596 2927 line
620 2895 687 2928 and
710 2896 754 2937 by
779 2897 874 2928 toreh
900 2896 1040 2938 (Pocms,
1060 2896 1119 2926 XI.
1138 2900 1225 2935 334),
1245 2894 1277 2924 in
1296 2894 1348 2925 his
1365 2903 1464 2935 poem
1490 2897 1510 2911 “
1524 2893 1576 2924 On
1596 2892 1726 2924 Ettrick
1745 2891 1894 2924 Forest's

98 2953 289 2984 mountains
313 2952 381 2983 dim
397 2953 426 2983 “’.
