2594 3749
670 361 751 402 134
1445 361 1685 394 PARERGA.

897 476 1017 525 Lais,
1043 477 1301 530 Apollineae
1323 477 1470 532 gentis
1492 485 1534 520 et
1558 478 1668 520 artis
1690 479 1846 521 honos.

839 544 965 586 Illius
988 545 1152 587 auxilio
1180 553 1400 588 servasset
1425 547 1528 589 Piso
1552 547 1774 598 maritam,

893 615 1007 656 Cum
1031 614 1189 657 cecidit
1212 615 1328 657 tristi
1350 616 1502 658 funere
1524 616 1642 659 facta
1664 631 1839 672 parens.
2382 634 2462 664 120

836 682 985 724 Cruda
1007 696 1086 725 nec
1112 683 1260 725 uxoris
1282 683 1466 725 luxisset
1490 684 1644 726 funera
1668 686 1849 735 Caesar,

895 751 982 793 Hic
1006 751 1079 806 qui
1102 753 1155 794 de
1178 753 1347 807 caligae
1370 754 1549 796 nomine
1571 768 1733 796 nornen
1752 754 1901 796 habet.

837 821 951 863 Iulia
973 836 1054 864 nec
1078 821 1271 864 moriens
1294 822 1635 866 interturbasset
1658 824 1850 866 honores

893 889 1119 943 Coniugis,
1143 890 1258 932 hanc
1282 891 1317 932 si
1340 897 1436 932 tum
1462 893 1607 933 Roma
1629 891 1806 934 tulisset
1830 907 1981 934 anum.

837 958 969 999 Hanc
992 964 1144 1000 tamen
1168 959 1404 1014 indulgens
1426 960 1538 1002 odiis
1561 967 1603 1002 et
1627 961 1835 1002 mollibus
1857 961 1948 1011 iris,

893 1026 1053 1069 Nescio
1077 1042 1162 1081 qua
1186 1028 1356 1082 patriae
1380 1028 1514 1071 Curia
1537 1029 1633 1084 lege
1657 1029 1831 1083 premit.

835 1096 1007 1150 Impius
1029 1096 1287 1147 Alcmaeon,
1313 1099 1431 1139 Nero
1454 1104 1740 1152 portentosus
1762 1099 1964 1148 habetur,

891 1165 1088 1206 Laedere
1112 1165 1185 1219 qui
1209 1173 1375 1208 matres
1398 1166 1650 1208 sustinuere
1673 1181 1793 1209 suas.

833 1233 915 1274 Est
940 1235 1321 1287 Agamemnonius
1343 1235 1468 1277 furiis
1491 1235 1688 1290 agitatus
1712 1238 1910 1286 Orestes,

889 1303 1059 1356 Nempe
1083 1305 1199 1356 quod
1222 1303 1266 1344 in
1290 1310 1479 1346 matrem
1503 1319 1663 1346 saevus
1685 1311 1727 1346 et
1750 1305 1824 1347 ille
1846 1305 1943 1347 fuit.
2377 1320 2458 1360 130

834 1371 936 1412 Heu
959 1386 1111 1413 vereor
1133 1373 1288 1414 turbae
1310 1387 1366 1415 ne
1390 1387 1467 1415 vos
1489 1380 1725 1416 accenseat
1752 1373 1825 1415 isti

887 1440 1053 1489 Scotia‚
1078 1442 1183 1482 dum
1207 1442 1375 1483 confert
1398 1442 1518 1484 facta
1539 1449 1717 1485 vetusta
1739 1442 1881 1485 novis.

828 1509 1017 1551 Abditur
1039 1509 1083 1551 in
1107 1511 1330 1561 tenebras,
1355 1512 1567 1566 populum
1591 1526 1705 1566 quae
1728 1512 1840 1554 lucis
1863 1512 1907 1553 in
1930 1527 2062 1555 auras

886 1578 1074 1629 Extulit,
1099 1586 1141 1621 et
1165 1580 1336 1634 patriae
1358 1581 1535 1635 publica
1558 1587 1702 1623 mater
1722 1588 1833 1623 erat.

829 1646 977 1689 Vivite
1000 1647 1218 1690 maiorum
1242 1649 1373 1692 laetis
1396 1649 1440 1691 in
1463 1650 1654 1693 vallibus
1680 1651 1878 1700 umbrae,

885 1718 1099 1771 Quaeque
1122 1718 1378 1772 reliquistis,
1404 1719 1597 1762 molliter
1618 1734 1721 1762 ossa
1743 1720 1922 1762 cubent.

828 1786 953 1828 Haec
977 1787 1095 1829 mala
1119 1787 1154 1828 si
1177 1795 1324 1830 vestro
1347 1789 1615 1843 pressissent
1638 1796 1838 1843 tempore
1862 1789 2023 1839 Maias,

884 1855 1101 1898 Obrueret
1124 1857 1292 1911 patrias
1316 1864 1484 1912 quanta
1506 1858 1635 1900 ruina
1657 1859 1838 1900 domos!

827 1923 951 1965 Gens
974 1924 1047 1966 ubi
1074 1925 1405 1977 Mennesidum,
1431 1934 1566 1982 caput
1589 1934 1632 1969 et
1658 1927 1800 1969 tutela
1827 1928 2036 1976 Senatus,

885 1995 1296 2039 Rhetorfortiadum
1319 2012 1430 2052 gens
1452 1998 1525 2040 ubi
1549 2013 1675 2040 sacra
1696 1998 1808 2040 foret
1826 1999 1842 2039 ?
2373 2011 2454 2052 140

825 2061 971 2117 Stirpe
995 2065 1248 2116 Colissonii,
1270 2066 1519 2108 caruissent
1543 2067 1680 2121 stirpe
1704 2066 1877 2117 Culeni,

886 2132 1020 2174 Urbis
1043 2140 1085 2174 et
1109 2135 1298 2176 Arctoae
1320 2135 1468 2189 gentis
1491 2135 1665 2189 utrique
1687 2137 1837 2178 decus.

825 2199 940 2254 Quid
964 2207 1006 2242 te
1030 2216 1375 2245 commemorem
1401 2204 1586 2253 Liddeli,
1609 2205 1719 2260 dura
1742 2204 1903 2246 sororis

882 2270 1098 2324 Captivae
1121 2286 1253 2326 quem
1278 2287 1395 2315 nunc
1418 2273 1628 2327 plangere
1650 2273 1742 2315 fata
1765 2274 1894 2315 reor?

766 2370 836 2399 118.
865 2369 970 2410 Lais]
1026 2372 1107 2403 Lais
1124 2372 1191 2404 and
1210 2373 1311 2414 Salpe
1328 2384 1384 2405 are
1401 2373 1544 2414 coupled
1563 2374 1595 2404 in
1615 2374 1722 2414 Pliny,
1745 2375 1788 2405 N.
1810 2375 1867 2412 H.,
1886 2375 2026 2414 28·7·23.

767 2434 836 2463 119.
864 2425 969 2467 Pisa]
1016 2427 1049 2457 Is
1072 2427 1130 2458 the
1154 2428 1299 2459 allusion
1326 2435 1361 2460 to
1386 2429 1499 2460 Tullia
1518 2429 1684 2469 (Cicero's
1704 2428 1896 2470 daughter),
1918 2429 1996 2461 who
2012 2427 2089 2460 died
2106 2428 2191 2460 from
2209 2428 2265 2460 the
2282 2428 2400 2460 efl‘ects
2416 2429 2457 2460 of

649 2477 840 2515 childbirth,
859 2479 925 2510 and
941 2490 1012 2511 was
1029 2482 1172 2513 married
1190 2488 1225 2514 to
1243 2483 1447 2524 Calpurnius
1469 2483 1546 2515 Piso
1563 2493 1600 2514 as
1616 2483 1675 2515 her
1693 2483 1764 2515 first
1781 2483 1964 2515 husband?

768 2541 837 2562 122.
865 2533 1030 2575 Caligae.]
1075 2540 1093 2552 ‘⁴
1109 2536 1245 2568 Amissa
1263 2537 1360 2568 Iunia
1376 2548 1415 2568 cx
1427 2537 1564 2580 partu‚''
1583 2539 1734 2574 Sueton.‚
1754 2537 1878 2579 Caliga,
1896 2537 1994 2578 chap.
2013 2537 2067 2568 xii.
2087 2536 2202 2579 (Junia
2217 2546 2287 2568 was
2304 2536 2362 2569 the
2378 2536 2450 2568 first

648 2585 724 2616 wife
742 2586 780 2616 os
793 2586 972 2627 Caligula).

766 2650 835 2679 123.
860 2642 974 2682 Julia.]
1017 2644 1191 2685 Daughter
1209 2646 1369 2686 osJulius
1386 2647 1522 2683 Caesar,
1540 2646 1597 2677 the
1616 2646 1781 2684 Dictator,
1800 2645 1865 2677 and
1883 2646 1958 2676 wife
1975 2645 2015 2677 of
2027 2646 2187 2686 Pompey.
2235 2645 2303 2677 She
2320 2644 2397 2677 died
2415 2645 2448 2676 in

648 2693 804 2725 childbed
823 2704 888 2726 stc,
907 2705 958 2736 54,
977 2698 1043 2729 and
1061 2699 1141 2729 with
1160 2699 1217 2731 her
1235 2700 1313 2731 died
1330 2701 1387 2732 the
1404 2701 1469 2732 last
1486 2701 1575 2742 hope
1592 2701 1631 2732 of
1643 2700 1797 2741 averting
1814 2701 1870 2731 the
1889 2700 1974 2731 Civil
1993 2701 2087 2731 War.
2136 2700 2264 2737 Lucan,
2284 2700 2310 2729 I.
2332 2709 2401 2730 112.

766 2758 835 2788 139.
866 2751 1133 2793 Mennesidum.]
1178 2753 1242 2790 i.e.,
1269 2754 1422 2786 Menzies
1470 2756 1516 2786 So
1541 2755 1574 2786 in
1598 2755 1745 2787 editions
1770 2755 1820 2795 '32
1845 2754 1912 2786 and
1936 2756 1997 2794 ³42,
2023 2754 2090 2785 and
2113 2753 2156 2795 cf.
2182 2753 2254 2784 title
2277 2753 2315 2784 os
2335 2754 2446 2784 XXII.

647 2802 684 2831 In
703 2802 830 2834 edition
848 2804 898 2845 ‘37
919 2806 1178 2839 Memnesidum.

766 2867 834 2896 140.
863 2859 1200 2901 Rhct01·s0rtiadum.]
1241 2863 1456 2904 Patronymic
1474 2863 1524 2895 sor
1542 2867 1560 2880 “
1577 2863 1778 2895 Rutherford
1794 2863 1824 2895 ⁷¹.
1870 2863 1899 2893 It
1917 2863 1945 2893 is
1962 2862 2028 2893 odd
2045 2862 2117 2893 that
2132 2861 2155 2892 it
2170 2861 2291 2892 should
2305 2867 2445 2902 suggest

648 2909 899 2951 Rhclorsortis,
919 2914 1029 2945 which
1049 2915 1105 2946 the
1123 2916 1338 2957 Theologian
1357 2918 1396 2947 of
1416 2918 1488 2948 that
1506 2927 1616 2955 name,
1636 2918 1823 2948 somewhat
1840 2917 1933 2953 later,
1949 2916 2100 2958 justified
2118 2916 2161 2956 by
2178 2915 2230 2946 his
2248 2915 2421 2956 polemics.

772 2976 843 3005 ¹43-
871 2968 1031 3009 Liddeli,]
1079 2971 1116 3000 In
1134 2971 1261 3003 edition
1284 2973 1363 3011 1032
1383 2976 1401 2988 “
1418 2972 1624 3003 Thaumanti
1641 2972 1668 3002 ”.
