2594 3749
657 342 684 383 6
1301 352 1507 386 ARTHUR
1538 352 1810 396 JoHNsToN.

1135 761 1164 801 Ι.
1205 760 1378 801 NOBILI
1414 759 1658 800 MUSARUM
1695 760 1978 800 MAECENATI

968 873 1022 913 D.
1060 873 1334 914 IOHANNI
1374 871 1570 914 SCOTO
1606 871 2144 923 SCOTOTARVATIO,

717 987 981 1027 D1REcTo1z1
1013 987 1394 1034 CANCELLARIAE,
1429 996 1487 1026 ET
1522 985 1674 1026 Remo
1706 997 1830 1026 APUD
1864 986 2041 1027 Scoros
2073 987 2394 1029 CONSILIAmo.

659 1100 923 1140 PRODEUNT
963 1099 1142 1140 tandem
1189 1098 1351 1138 Poetae
1395 1097 1528 1146 Scoti,
1569 1096 1674 1147 tuis,
1709 1097 1789 1138 Vir
1828 1096 2118 1152 amplissime,
2157 1097 2368 1152 auspiciis
2410 1105 2452 1140 et

656 1168 880 1222 impensis.
946 1167 1141 1208 Patriam
1180 1173 1303 1208 tuam
1342 1165 1506 1220 duplici
1542 1166 1755 1207 beneficio
1792 1166 1871 1207 tibi
1914 1165 2120 1208 devincis.
2185 1167 2302 1208 Nam
2345 1168 2450 1209 dum

656 1237 857 1278 Archivis
900 1251 1068 1291 praees,
1112 1250 1198 1277 non
1242 1242 1417 1276 tantum
1461 1234 1623 1276 civium
1666 1241 1843 1276 tuorum
1886 1235 2062 1283 fundos,
2105 1235 2293 1290 publicis
2333 1250 2449 1277 com-

656 1305 886 1346 mentariis
913 1304 1212 1358 consignatos,
1237 1304 1292 1345 ab
1325 1303 1506 1344 interitu
1539 1309 1581 1344 et
1615 1303 1834 1345 oblivione
1868 1303 2045 1353 asseris,
2069 1305 2146 1345 sed
2169 1303 2304 1345 etiam
2328 1303 2449 1346 nobi-

654 1373 812 1415 liorum
836 1373 1111 1426 ingeniorum
1137 1378 1425 1413 monumenta
1447 1371 1598 1413 aeneis
1619 1372 1840 1426 prelorum
1863 1372 2028 1414 tabulis
2051 1371 2291 1414 commissa
2313 1379 2451 1414 aeter-

655 1442 794 1483 nitate
832 1444 981 1483 donas.
1065 1442 1275 1482 Veterum
1315 1440 1483 1482 incuria
1523 1439 1719 1489 Pacuvii,
1758 1440 1908 1489 Ennii,
1942 1439 2079 1490 Accii,
2114 1439 2296 1494 Orphei,
2332 1439 2450 1490 Lini,

654 1509 1150 1565 Aeschyli,Archilochi,
1163 1509 1375 1556 Philetae,
1394 1509 1670 1563 aliorumque
1687 1508 1863 1563 vigiliae
1882 1515 1924 1550 et
1943 1509 2072 1550 cedro
2091 1508 2224 1562 digna
2242 1515 2450 1563 poemata

654 1579 830 1633 periere.
912 1579 981 1620 Tu
1019 1579 1102 1620 hac
1140 1578 1323 1620 infamia
1360 1585 1402 1620 et
1440 1578 1636 1620 saeclum
1671 1583 1713 1619 et
1749 1584 1929 1631 gentem
1967 1584 2092 1619 tuam
2130 1577 2305 1628 liberas,
2344 1579 2448 1619 dum

654 1648 932 1703 popularium
979 1655 1156 1689 tuorum
1205 1646 1420 1702 Sibyllina
1471 1646 1590 1696 solia,
1633 1646 1701 1688 vel
1745 1646 2185 1688 salsamentariorum
2228 1646 2449 1697 manibus,

653 1717 720 1758 vel
743 1716 962 1758 tinearum
986 1716 1192 1758 dentibus
1223 1723 1388 1770 erepta,
1423 1717 1477 1757 ad
1510 1721 1711 1770 posteros
1733 1714 2013 1757 transmittis.
2077 1713 2271 1770 Oppiani
2296 1729 2452 1757 versus

654 1786 850 1827 nummis
892 1785 1037 1827 aureis
1078 1784 1341 1839 exaequavit
1384 1783 1664 1833 Antoninus;
1719 1784 1981 1838 Euripidem
2024 1784 2270 1825 Archelaus
2317 1797 2450 1826 aureo

653 1854 825 1908 poculo,
851 1854 1047 1895 Saleium
1074 1855 1266 1894 Bassum
1291 1852 1598 1907 Vespasianus
1631 1852 1958 1907 quinquaginta
1989 1852 2170 1894 donavit
2204 1851 2448 1902 sestertiis3

655 1922 887 1965 Cornelius
911 1923 1068 1964 Gallus
1091 1923 1145 1963 ab
1168 1924 1371 1975 Augusto
1399 1921 1636 1969 Tribunus,
1661 1921 1813 1963 Sillius
1845 1936 1870 1962 a
1905 1920 2166 1962 Domitiano
2196 1928 2265 1962 ter
2295 1920 2449 1962 consul

654 1999 720 2032 est
744 1998 944 2039 creatus;
982 1990 1176 2032 Martiali
1212 1989 1446 2039 Sertinius,
1472 1989 1720 2032 Claudiano
1752 1996 1950 2031 statuam
1977 1995 2210 2031 erexerunt
2233 1988 2450 2031 Arcadius

653 2066 694 2101 et
731 2059 982 2101 Honorius:
1019 2059 1153 2100 Ennii
1187 2058 1425 2113 imaginem
1461 2058 1662 2113 sepulcro
1696 2073 1775 2099 suo
1809 2057 1975 2113 imponi
2008 2057 2137 2099 iussit
2169 2057 2317 2112 Scipio
2339 2057 2450 2098 Afri·

653 2143 816 2178 canus3
861 2136 902 2170 et
942 2128 1130 2183 populus
1170 2129 1401 2169 Romanus
1436 2127 1668 2169 universus
1711 2127 1897 2181 Virgilio
1934 2126 1977 2168 in
2015 2127 2191 2168 theatro
2227 2125 2447 2176 recitanti,

653 2205 868 2252 tanquam
895 2196 1156 2251 Imperatori
1181 2196 1430 2238 assurrexit.
1496 2196 1603 2237 Plus
1625 2203 1672 2238 tu
1698 2202 1913 2250 praestas,
1934 2197 2038 2237 dum
2062 2194 2251 2249 gentiles
2272 2201 2374 2237 tuos
2396 2209 2448 2236 ex

653 2266 760 2320 ipsis
783 2266 1020 2308 inferorum
1044 2265 1245 2307 faucibus
1268 2265 1384 2307 eruis
1408 2272 1449 2306 et
1474 2264 1752 2319 perennitate
1780 2266 1894 2306 beas.
1960 2265 2060 2306 Hac
2083 2277 2216 2318 opera
2238 2269 2285 2305 ut
2308 2263 2446 2306 vitam

652 2342 693 2376 et
718 2335 1100 2377 immortalitatem
1125 2335 1224 2384 illis,
1251 2334 1312 2376 sic
1335 2334 1413 2376 tibi
1446 2333 1631 2387 gloriam
1666 2348 1895 2387 nunquam
1930 2332 2169 2387 perituram
2203 2347 2448 2387 comparas.

653 2404 768 2459 Quid
807 2404 922 2445 enim
962 2404 1242 2453 laudabilius,
1280 2417 1412 2456 quam
1450 2402 1592 2444 virum
1631 2401 1917 2451 eminentem,
1951 2408 1993 2443 et
2031 2400 2220 2456 publicis
2256 2400 2448 2455 negotiis

650 2472 900 2514 districtum
926 2472 1168 2514 succisivas
1190 2472 1336 2521 horas,
1361 2486 1472 2525 quas
1499 2470 1694 2525 plerique
1726 2470 1794 2512 vel
1827 2470 1924 2512 alea
1945 2470 2013 2511 vel
2037 2469 2217 2524 crapula
2239 2469 2308 2511 vel
2331 2483 2446 2511 som-

651 2555 706 2583 no
745 2542 996 2596 prodigunt,
1034 2542 1262 2582 Musarum
1299 2540 1459 2582 studiis
1495 2539 1787 2581 consecrare?
1870 2538 1986 2594 Quid
2028 2537 2277 2593 gloriosius,
2312 2552 2444 2592 quam

651 2609 768 2651 cives
790 2617 831 2651 et
855 2610 1041 2651 tribules
1064 2624 1182 2658 suOS‚
1208 2609 1295 2650 iam
1329 2608 1526 2650 animam
1560 2614 1759 2660 agentes,
1784 2621 1871 2648 non
1895 2607 2040 2648 dicam
2065 2621 2090 2648 a
2114 2613 2268 2656 morte,
2293 2607 2368 2648 sed
2391 2607 2446 2648 ab

650 2677 746 2731 ipsa
769 2678 902 2719 etiam
932 2677 1203 2719 mortalitate
1229 2677 1485 2718 vindicare?
1552 2677 1683 2717 Hanc
1716 2689 1819 2727 erga
1852 2675 1970 2716 cives
2003 2675 2215 2729 pietatem
2251 2675 2444 2728 Impera-

650 2752 795 2787 torum
830 2747 949 2799 leges
981 2759 1143 2787 corona
1177 2745 1315 2787 civica
1347 2745 1754 2786 remunerabantur.
1819 2744 1904 2785 Sed
1937 2743 2066 2784 istius
2098 2750 2147 2784 tu
2180 2742 2343 2784 laboris
2365 2757 2445 2784 nec

651 2817 911 2864 mercedem,
937 2829 1017 2856 nec
1050 2814 1295 2869 praemium
1330 2814 1467 2855 ullum
1502 2813 1580 2855 tibi
1615 2812 1800 2866 quaeris.
1864 2811 2022 2853 Omnis
2049 2811 2135 2853 ista
2160 2810 2350 2860 Patriae,
2374 2810 2444 2852 cui

650 2883 728 2925 soli
772 2891 903 2926 natus
945 2884 1052 2925 mihi
1094 2883 1268 2933 videris,
1303 2897 1435 2937 opera
1477 2888 1676 2924 navatur.
1760 2882 2023 2922 Extremum
2068 2880 2186 2921 hunc
2226 2887 2442 2921 terrarum

649 2953 875 3006 angulum,
901 2967 1011 3007 pene
1044 2954 1125 2994 sub
1159 2953 1254 3006 ipso
1287 2951 1438 2993 mundi
1473 2950 1650 2993 cardine
1684 2949 1918 2998 iacentem,
1953 2949 2169 2990 illustrem
2203 2948 2307 2989 olim
2341 2948 2443 2990 fecit
