2594 3749
693 352 776 392 286
1471 365 1712 398 PARERGA.

862 480 951 521 Ora
975 480 1207 523 Caballina
1229 480 1333 535 quid
1356 481 1466 524 iuvit
1489 481 1660 538 tingere
1681 483 1878 538 lympha,

918 550 1006 591 Aut
1030 550 1290 605 Aganippea
1317 551 1492 606 cingere
1514 552 1667 595 fronde
1689 554 1897 595 comam?

861 618 951 659 Cur
972 617 1071 660 trivi
1094 619 1255 661 virides
1278 621 1438 662 studiis
1461 620 1712 664 imbellibus
1734 636 1890 672 annos,

920 688 1043 742 Quae
1066 703 1145 730 nec
1169 696 1271 730 sunt
1295 689 1440 731 iuveni
1464 691 1664 745 pulchra,
1688 705 1769 733 nec
1792 697 1897 745 apta
1919 691 2047 733 seni?

861 756 1114 798 Debueram
1139 758 1286 812 potius
1309 773 1483 813 pugnas
1505 766 1547 801 et
1571 760 1737 814 proelia
1762 760 1935 809 Martis,
2578 814 2580 827 Ι

915 826 1162 880 Castraque
1188 827 1399 869 Bellonae
1422 828 1764 882 sanguinolenta
1787 829 1925 883 sequi.
2403 845 2483 874 120
2576 833 2580 872 l

858 893 1027 936 Bellica
1053 896 1290 938 debueram
1315 911 1392 950 pro
1415 896 1582 951 plectro
1605 912 1780 939 sumere
1803 897 1906 947 tela,

915 964 1035 1005 Ense
1057 964 1175 1006 latus
1198 965 1380 1019 cingens
1402 973 1444 1008 et
1468 973 1602 1021 caput
1625 981 1725 1009 aere
1748 981 1870 1008 cavo.

859 1033 959 1073 Non
983 1047 1063 1088 ego
1085 1048 1203 1075 nunc
1226 1034 1340 1088 rapti
1363 1035 1570 1076 deflerem
1594 1037 1758 1077 damna
1781 1035 1939 1086 coloni,

917 1102 1010 1143 Nec
1034 1102 1263 1145 stimulare
1292 1118 1415 1145 meos
1437 1118 1616 1159 cogerer
1637 1104 1731 1158 ipse
1756 1105 1905 1146 boves.

856 1171 1000 1226 Quam
1024 1172 1197 1214 tribulis
1221 1173 1422 1226 squalere
1444 1173 1582 1223 vides,
1606 1173 1852 1228 lappisque,
1876 1172 2098 1228 rubisque,

912 1240 1138 1295 Sanguine
1161 1241 1371 1284 Vulturni
1394 1243 1481 1284 iam
1507 1242 1730 1285 rubuisset
1753 1243 1932 1285 humus.

856 1310 944 1351 Fas
966 1310 1241 1364 praedatoris
1263 1311 1464 1366 iugulum
1488 1311 1712 1354 recludere
1734 1312 1861 1363 ferro,

912 1379 1001 1420 Fas
1024 1386 1117 1420 erat
1142 1379 1283 1434 ignita
1305 1381 1437 1434 figere
1459 1381 1620 1435 glande
1643 1380 1776 1423 iecur.

855 1447 934 1489 Ille
957 1462 1055 1489 meo
1077 1448 1216 1490 vitam
1240 1449 1364 1491 senio
1386 1464 1504 1491 nunc
1526 1451 1655 1492 debet
1678 1449 1836 1492 inermi

912 1518 1096 1571 Raptor,
1121 1524 1163 1559 et
1189 1519 1398 1569 Ascraeo,
1422 1519 1495 1573 qui
1522 1519 1634 1573 fugit
1661 1534 1800 1570 arma,
1823 1518 1960 1574 gregi.
2399 1534 2478 1574 130

850 1585 909 1626 Et
932 1591 1083 1627 tamen
1106 1586 1265 1637 elatus,
1290 1586 1459 1629 domito
1481 1587 1600 1629 velut
1623 1589 1741 1637 orbe,
1765 1587 2015 1643 triumphat

910 1654 979 1695 De
1002 1668 1105 1696 sene
1128 1655 1352 1710 decrepito
1373 1656 1659 1711 virgineoque
1681 1657 1829 1698 choro.

852 1722 990 1765 Eiura
1011 1723 1166 1766 titulos
1189 1725 1376 1779 posthac
1399 1725 1621 1767 Vulturne
1644 1725 1827 1781 priores,

907 1793 967 1833 Et
989 1794 1148 1834 domus
1170 1793 1363 1836 illustres
1387 1809 1498 1848 quos
1519 1801 1598 1837 tua
1619 1795 1757 1837 iactat
1779 1809 1900 1837 avos.

850 1862 944 1902 Nec
968 1863 1108 1916 pudor
1130 1862 1363 1917 ingenuus,
1388 1878 1468 1905 nec
1491 1864 1646 1914 honor,
1670 1878 1749 1906 nec
1773 1863 1919 1906 nobile
1942 1870 2112 1918 pectuS‚

908 1931 1051 1972 Gutta
1073 1945 1153 1972 nec
1176 1931 1297 1973 heroi
1321 1932 1553 1987 sanguinis
1575 1933 1665 1974 ulla
1687 1932 1767 1975 tibi
1789 1939 1871 1975 est.

851 1999 950 2040 Mos
972 2006 1065 2041 erat
1088 2000 1287 2050 heroum,
1311 2001 1511 2043 venerari
1534 2001 1717 2044 nomina
1738 2009 1908 2051 vatum,

907 2069 967 2109 Et
990 2069 1235 2122 patrocinio
1258 2070 1391 2125 digna
1413 2077 1570 2124 putare
1592 2086 1686 2113 suo.

848 2138 989 2180 Carus
1012 2138 1262 2180 Alexandro
1284 2139 1366 2181 fuit
1390 2139 1495 2181 olim
1519 2154 1710 2194 magnus
1734 2141 1974 2190 Homerus,

906 2207 965 2247 Et
990 2207 1241 2248 Maecenati
1266 2208 1621 2262 Caesaribusque
1645 2209 1787 2250 Maro.
2395 2221 2474 2262 140

846 2274 975 2316 Fovit
999 2281 1041 2316 et
1064 2275 1382 2318 Archilochum
1406 2277 1557 2331 magni
1580 2277 1750 2331 collega
1773 2276 1985 2326 Cononis,

906 2343 1132 2385 Nasonem
1157 2359 1361 2399 proceres
1384 2351 1426 2386 et
1450 2345 1625 2387 coluere
1649 2346 1806 2387 Getae.

846 2412 1053 2466 Quantus
1075 2412 1217 2455 honos
1240 2413 1378 2455 sacris
1400 2414 1581 2456 habitus
1604 2413 1660 2456 sit
1683 2414 1876 2464 vatibus,
1900 2413 1993 2456 orbi

902 2481 1050 2523 Aurea
1074 2481 1264 2524 Bilbilici
1288 2489 1507 2524 monstrat
1530 2482 1680 2537 imago
1703 2482 1837 2524 senis.

845 2549 1056 2603 Quasque
1078 2549 1180 2592 tulit
1203 2551 1346 2592 fasces
1368 2557 1436 2592 ter
1457 2551 1611 2593 consul
1636 2551 1786 2601 Silius,
1811 2565 1967 2594 aurum

903 2617 1079 2660 Nobilis
1101 2625 1143 2660 et
1167 2618 1283 2661 Stati
1308 2621 1423 2673 quod
1447 2634 1645 2662 meruere
1668 2634 1836 2663 comae.

789 2763 857 2793 115.
884 2754 1091 2795 Caballina.]
1138 2755 1293 2796 Draught
1310 2756 1350 2788 of
1363 2756 1593 2797 Hippocrene.

788 2818 857 2848 130.
884 2810 1058 2849 Ascraeo]
1103 2810 1257 2841 Allusion
1275 2817 1310 2842 to
1329 2811 1472 2849 Hesiod,
1491 2821 1528 2843 as
1543 2811 1601 2842 the
1618 2811 1705 2842 rural
1723 2809 1790 2842 and
1807 2810 1956 2852 pastoral
1975 2815 2054 2852 poet
2070 2810 2111 2842 of
2121 2810 2236 2842 Ascra.

788 2872 857 2903 141.
883 2864 1025 2905 Collega
1050 2865 1232 2904 Cononis]
1289 2865 1458 2906 Probably
1486 2876 1506 2897 a
1531 2865 1812 2898 circumlocution
1845 2864 2006 2896 intended
2038 2865 2087 2896 sor
2119 2863 2323 2902 Alcibiades,
2354 2863 2469 2894 whose

670 2927 768 2949 name
792 2927 862 2949 was
887 2919 1160 2960 unmanageable
1184 2919 1216 2950 in
1243 2920 1357 2951 heroic
1380 2931 1486 2951 verse.

787 2982 855 3012 144.
884 2971 1087 3016 umbilicus]
1137 2974 1210 3005 The
1227 2980 1306 3015 poet
1326 2975 1470 3006 Martini.
