2594 3749
77 977 204 1019 XIX.

598 301 816 333 MALISON
851 300 918 332 ΟΝ
952 300 1061 332 Two
1093 299 1340 331 LAWYERS.
1783 302 1865 343 125

269 975 332 1015 IN
390 973 560 1015 DUOS
612 972 904 1014 RABULAS
953 971 1315 1021 FORENSES„
1350 968 1744 1012 ADVOCATUM
1797 969 1879 1010 ET

481 1052 1024 1102 PROCURATOREM,
1061 1053 1118 1093 N.
1153 1053 1210 1093 N.
1246 1052 1461 1093 DIRAE.

252 1217 419 1270 Magna
442 1215 675 1269 minorque
697 1214 829 1265 ferae,
854 1228 1041 1269 quarum
1067 1213 1186 1268 paris
1208 1213 1347 1255 altera
1370 1212 1487 1263 lites,

308 1285 460 1326 Altera
484 1284 734 1339 dispensas,
760 1291 948 1338 utraque
972 1283 1107 1338 digna
1131 1282 1268 1332 mori;

251 1356 358 1404 Vos,
383 1369 551 1408 precor,
576 1354 751 1396 excussi
774 1354 935 1396 feriant
959 1355 1011 1396 de
1034 1353 1229 1395 nubibus
1251 1352 1389 1406 ignes,

311 1423 420 1466 Dira
437 1424 505 1465 vel
530 1424 723 1465 aeternis
745 1438 821 1465 ora
844 1429 1108 1478 premantur
1129 1421 1271 1476 aquis.

253 1494 335 1535 Vel
358 1493 450 1535 fera
473 1493 695 1548 praefocet
719 1493 932 1535 latrantia
954 1498 1138 1547 guttura
1161 1490 1316 1546 pestis,

313 1563 365 1604 In
388 1576 517 1604 cruce
540 1563 608 1604 vel
632 1564 832 1617 pendens
854 1568 1042 1616 utraque
1065 1567 1221 1616 pascat
1245 1573 1364 1602 aves,

256 1632 399 1685 Inque
420 1638 518 1673 rota
540 1631 706 1673 fractos
729 1637 919 1686 exponat
944 1630 1113 1673 solibus
1136 1636 1275 1679 artus,

314 1701 491 1754 Detque
514 1700 740 1742 necaturis
761 1707 887 1755 terga
910 1700 1103 1742 secanda
1124 1697 1290 1753 flagris.

255 1769 337 1811 Vel
360 1770 474 1823 dape
497 1771 740 1819 subtracta,
764 1769 978 1811 districtis
999 1768 1223 1818 dentibus,
1248 1773 1390 1809 atram

315 1838 565 1893 Ingluviem
590 1845 636 1880 ut
661 1846 830 1893 pascat,
856 1853 991 1892 seque
1015 1851 1206 1891 suosque
1227 1841 1365 1878 voret.
1836 1846 1887 1874 10

257 1907 456 1950 Crimina
479 1907 515 1948 si
538 1908 711 1949 confers
732 1908 902 1962 poenis,
925 1908 1166 1950 vincuntur
1187 1907 1241 1948 ab
1264 1905 1352 1946 illis

317 1976 455 2031 Ignis,
480 1992 636 2031 aquae,
661 1977 815 2032 pestis,
840 1992 960 2028 crux,
985 1984 1096 2027 rota,
1121 1976 1276 2029 flagra,
1299 1974 1455 2016 fames.

201 2138 414 2170 Advocatum
431 2144 464 2169 et
483 2138 771 2180 Procuratorem]
816 2139 891 2171 The
914 2139 1095 2171 difference
1116 2138 1156 2170 of
1173 2136 1327 2168 sunction
1351 2134 1504 2166 between
1522 2134 1581 2165 the
1597 2132 1732 2174 pleader
1749 2131 1816 2164 and
1833 2132 1891 2163 the

89 2197 190 2234 agent
206 2193 234 2224 is
250 2193 330 2224 here
345 2193 424 2224 thus
441 2193 534 2233 early
550 2193 721 2225 manifest.

204 2249 247 2279 N.
266 2249 310 2279 N.
329 2248 361 2278 in
381 2248 483 2279 Latin
500 2247 600 2287 title.]
648 2248 931 2290 Probably=non
951 2247 1158 2280 nominatos.
1207 2247 1237 2277 It
1256 2255 1336 2285 may
1356 2244 1428 2275 also
1446 2257 1475 2271 =
1492 2252 1561 2274 non
1581 2242 1707 2273 nullius
1724 2242 1772 2282 (z
1789 2251 1888 2272 some-
1907 2223 1909 2226 ι

91 2302 202 2344 body’s
221 2302 393 2344 malison).
