2594 3749
687 364 768 411 244
1466 362 1704 400 PARERGA,

728 945 826 987 XL.
865 943 1183 986 APOLOGIA
1219 942 1340 983 PRO
1376 940 1620 983 DAULIO
1657 938 1856 983 SCOTO
1892 938 2440 983 IUDAEOMASTIGE.

861 1106 976 1164 Quid
999 1119 1160 1160 sequar
1181 1110 1258 1146 aut
1280 1103 1446 1158 fugiam
1465 1103 1482 1144 ?
1545 1101 1702 1144 Virtus
1725 1101 1872 1143 scelus
1895 1116 1991 1144 esse
2014 1109 2213 1156 putatur,

918 1174 1147 1216 Virtutum
1170 1172 1313 1215 titulis
1336 1171 1523 1214 crimina
1545 1184 1677 1225 saepe
1699 1176 1889 1213 tument.

863 1244 1067 1293 Daulius,
1095 1241 1315 1284 Hebraeis
1338 1255 1387 1282 os
1410 1241 1526 1295 quod
1550 1239 1741 1281 sublevit
1765 1239 1948 1294 Apellis,

919 1314 1047 1368 Quod
1070 1326 1205 1366 pecus
1227 1311 1311 1352 hoc
1334 1309 1500 1358 mulsit,
1522 1308 1716 1351 creditur
1736 1323 1834 1350 esse
1856 1323 1971 1350 reus.

865 1383 1037 1426 Rodere
1060 1395 1170 1435 quos
1192 1381 1338 1429 audet,
1361 1378 1502 1421 nescit
1527 1378 1768 1433 plebecula,
1791 1378 1933 1420 nescit

923 1450 1088 1492 Mentis
1111 1449 1241 1504 inops
1264 1463 1410 1490 mores
1433 1447 1752 1502 ingeniumque
1774 1446 1871 1489 viri.

865 1522 967 1564 Non
990 1519 1087 1561 sitis
1109 1520 1229 1561 hunc
1252 1518 1347 1560 auri
1371 1532 1524 1560 sacrae
1551 1518 1655 1559 dare
1677 1517 1811 1558 verba
1835 1516 1974 1567 Sioni,

923 1590 982 1631 Et
1007 1588 1204 1643 mulgere
1227 1594 1343 1637 tuas,
1369 1587 1492 1637 Iuda,
1517 1585 1659 1640 coegit
1687 1600 1800 1628 oves.

866 1660 1014 1703 Causa
1036 1657 1117 1700 fuit
1141 1657 1285 1712 pietas
1307 1655 1454 1698 omnis
1476 1655 1669 1709 furtique
1692 1654 1879 1709 dolique,

925 1727 1097 1769 Nititur
1118 1726 1319 1780 exemplo
1341 1724 1509 1767 crimen
1532 1730 1772 1778 utrumque
1796 1738 1937 1766 sacro.

868 1798 982 1840 Cum
1008 1798 1132 1838 Deus
1155 1794 1357 1838 Isacidas
1381 1793 1555 1836 Phariis
1577 1793 1728 1835 eduxit
1751 1794 1807 1835 ab
1829 1792 1930 1842 oris,

926 1865 1125 1908 Niliacas
1149 1879 1300 1907 secum
1325 1878 1500 1906 sumere
1527 1862 1657 1905 iussit
1684 1877 1804 1917 opes.

869 1935 1005 1978 Nulla
1029 1949 1151 1977 mora
1173 1940 1255 1984 est,
1279 1933 1493 1988 populum
1517 1932 1629 1974 ludit
1652 1946 1761 1986 gens
1784 1946 1911 1974 sacra
1933 1931 2182 1986 profanum,

928 2004 1136 2059 Hospitis
1157 2010 1200 2046 et
1225 2003 1378 2057 spoliis
1400 2002 1562 2057 hospes
1584 2008 1774 2043 onustus
1796 2000 1899 2043 abit.

872 2076 996 2117 Iusta
1018 2073 1173 2127 rapina
1194 2072 1303 2122 fuit3
1337 2073 1446 2114 duro
1469 2086 1569 2113 cum
1595 2070 1792 2125 principe
1814 2084 1981 2124 poenas

931 2145 1030 2185 Has
1052 2142 1133 2184 luit
1159 2143 1366 2184 Hebraeo
1389 2140 1605 2195 sanguine
1627 2139 1769 2182 tincta
1793 2140 1978 2181 Pharos.

871 2214 999 2269 Quod
1022 2213 1113 2254 fera
1135 2218 1230 2253 tum
1257 2210 1496 2265 Memphis,
1520 2224 1639 2251 nunc
1661 2223 1771 2264 gens
1793 2208 1984 2251 recutita
2007 2214 2214 2258 meretur,

931 2281 1088 2336 Figere
1111 2280 1306 2335 supremi
1331 2279 1543 2321 Numinis
1567 2293 1675 2320 ausa
1699 2279 1831 2320 latus.

874 2353 963 2394 Fas
985 2357 1078 2393 erat
1101 2350 1183 2392 hos
1204 2349 1345 2392 oculis
1367 2348 1490 2390 necis
1512 2348 1704 2403 expilare
1728 2347 1970 2398 ministros,

933 2421 1124 2461 Demere
1146 2419 1213 2460 fas
1234 2419 1466 2473 reliquam,
1491 2431 1604 2472 quae
1627 2417 1736 2471 tegit
1760 2431 1876 2466 ossa,
1901 2422 2064 2458 cutem.

877 2491 976 2531 Hoc
999 2503 1188 2543 quoque,
1212 2502 1316 2529 nam
1340 2486 1537 2536 memini,
1561 2492 1761 2528 veterum
1785 2499 2000 2540 responsa
2023 2484 2265 2533 minantur,

934 2560 1047 2600 Fata
1071 2557 1312 2599 Palaestini
1335 2556 1579 2598 vaticinata
1602 2555 1695 2597 soli.

878 2627 1087 2681 Implevit
1112 2626 1248 2668 Dauli
1271 2625 1413 2681 pietas
1439 2624 1619 2667 oracula
1641 2630 1811 2674 vatum,

935 2697 1021 2738 Sed
1043 2695 1178 2738 levior
1203 2695 1334 2750 culpa
1359 2694 1547 2736 vindicis
1570 2693 1634 2735 ira
1655 2692 1752 2734 fuit.

880 2766 1065 2807 Perdere
1087 2779 1199 2819 quos
1221 2770 1409 2819 poterat,
1432 2762 1556 2818 gazis
1578 2764 1796 2804 duntaxat
1819 2767 1861 2804 et
1884 2775 1992 2803 auro

821 2923 850 2954 3.
877 2913 926 2945 Os
942 2912 1114 2952 sublevit.]
1159 2913 1254 2943 Gave
1271 2921 1290 2943 a
1305 2911 1392 2952 wipe
1409 2917 1445 2942 to
1462 2911 1548 2942 their
1564 2910 1691 2951 Jewish
1709 2909 1800 2942 faces
1815 2908 1982 2950 [Apellae‚
2001 2917 2038 2938 as
2056 2907 2087 2938 in
2106 2905 2251 2945 xxm„
2271 2905 2293 2936 l.
2311 2905 2356 2944 3]-

821 2969 851 3002 8,
877 2967 988 3010 1uda.]
1035 2966 1257 2998 Remarkable
1275 2976 1312 2997 as
1329 2965 1490 3008 allowing
1507 2966 1594 2998 “-a''
1611 2971 1647 2996 to
1664 2964 1705 2996 be
1723 2964 1827 2998 short,
