2594 3749
648 332 716 365 ΟΝ
752 334 1008 367 BARLAEUS
1040 336 1101 368 OF
1137 336 1390 370 HOLLAND.
1838 344 1915 385 291

288 448 498 504 Turpiter
519 457 562 492 et
585 449 732 492 raucis
754 450 942 493 strident
966 453 1150 495 arbusta
1173 453 1353 504 cicadis,

347 519 467 560 Dum
491 519 766 561 matutinum
788 520 904 561 tollit
928 520 1090 563 alauda
1114 523 1268 564 melos.

287 587 355 627 Ah
380 588 514 641 pudet
538 587 582 628 in
606 587 750 629 lucem
775 596 951 630 nostros
974 589 1149 632 misisse
1172 591 1359 641 libellos,

345 657 404 698 Et
428 657 591 711 populo
614 658 794 699 chartas
817 658 1099 712 prostituisse
1123 661 1268 702 rudes,

287 725 412 779 Quae
436 727 552 768 male
574 726 688 769 felici
713 726 879 769 subieci
903 727 1102 770 carmina
1126 729 1261 782 prelo,

345 795 603 837 Debuerant
627 794 774 849 potius
797 802 976 849 perpete
1000 803 1128 838 nocte
1152 797 1306 850 premi.

285 863 544 918 Exstinguit
570 866 772 907 Batavus
798 865 1000 906 Ionstoni
1028 865 1199 907 lumina
1221 873 1362 915 vates,

342 933 474 974 Solus
496 940 539 974 et
562 932 783 975 immenso
804 933 946 975 victor
968 933 1012 975 in
1036 935 1139 976 orbe
1162 934 1289 976 nitet.
1861 937 1914 977 60

258 1044 261 1048 ,
284 1002 420 1043 Haud
444 1017 572 1044 secus
597 1002 705 1044 Eois
730 1002 805 1044 Sol
828 1017 928 1044 cum
957 1018 1004 1044 se
1030 1003 1146 1045 tollit
1170 1004 1225 1045 ab
1249 1002 1394 1053 undis,

340 1070 545 1113 Sidereas
568 1086 693 1113 roseo
720 1070 907 1126 dissipat
935 1086 1009 1113 ore
1032 1072 1165 1113 faces.

282 1138 356 1179 Nil
378 1153 460 1193 ego
483 1141 534 1180 de
556 1146 757 1181 veterum
780 1139 924 1181 titulis
947 1140 1106 1190 delibo,
1133 1141 1295 1181 Poetas

338 1208 431 1249 Nec
454 1209 579 1250 decet
603 1208 813 1262 antiquos
836 1208 1143 1263 postposuisse
1165 1208 1307 1250 novis.

281 1277 368 1319 Hic
390 1284 542 1320 tamen
566 1285 643 1320 aut
666 1285 821 1321 vatum
850 1293 1052 1333 proceres
1078 1293 1270 1333 aequare
1293 1280 1507 1327 canendo,

335 1347 424 1388 Aut
448 1348 501 1389 de
527 1348 670 1390 Pieria
693 1362 825 1389 nemo
854 1348 1033 1390 cohorte
1057 1355 1218 1403 potest.

277 1416 413 1458 Arma
436 1416 577 1458 virum
604 1416 780 1471 quoties
803 1416 922 1459 canit
946 1423 988 1458 et
1011 1417 1104 1458 fera
1127 1416 1308 1471 proelia,
1332 1416 1450 1458 iures

334 1484 482 1526 Altius
505 1485 729 1527 Andinam
753 1500 841 1527 non
865 1485 1080 1528 cecinisse
1103 1487 1275 1527 tubam.

277 1553 400 1595 Naso
423 1554 541 1595 leves
564 1554 728 1608 elegos,
753 1555 953 1596 excultos
979 1555 1111 1596 Musa
1134 1553 1316 1603 Tibulli,

334 1623 460 1678 Quae
482 1630 652 1677 gereret
677 1623 868 1665 Flaccus
891 1623 1074 1677 plectra,
1099 1623 1330 1678 lyramque
1353 1621 1484 1663 dedit.
1854 1634 1908 1676 7o

276 1691 408 1733 Nunc
430 1691 568 1733 trucis
591 1691 847 1733 Archilochi
871 1692 1078 1733 dentatos
1102 1691 1280 1745 stringit
1304 1690 1492 1740 iambos,

333 1759 539 1802 Bilbilico
563 1774 680 1802 nunc
703 1761 779 1802 dat
803 1759 1003 1802 carmina
1025 1760 1166 1802 tincta
1189 1760 1296 1802 sale.

275 1829 406 1871 Nunc
429 1843 510 1883 ego
533 1828 808 1880 crediderim,
833 1836 1009 1871 mutato
1031 1844 1226 1884 corpore,
1252 1835 1446 1870 mentem

332 1898 605 1940 Concessam
631 1897 799 1948 Samio,
825 1913 938 1952 quae
960 1897 1042 1940 fuit
1066 1904 1170 1940 ante
1195 1897 1400 1953 Phrygis.

273 1967 475 2021 Iuppiter
496 1966 682 2009 indulsit
708 1967 913 2016 Barlaeo,
937 1966 1116 2009 vatibus
1139 1966 1243 2008 olim

330 2035 554 2091 Quidquid
577 2035 620 2077 in
644 2035 841 2091 antiquis
864 2036 1027 2078 mentis
1049 2042 1092 2078 et
1116 2035 1223 2078 artis
1247 2041 1355 2076 erat.

212 2191 265 2223 54.
289 2182 453 2225 Alauda.]
498 2183 572 2215 The
599 2183 672 2214 lark
699 2183 762 2215 has
789 2182 879 2220 here,
908 2182 942 2214 in
968 2183 1026 2214 the
1056 2182 1209 2214 Scottish
1236 2181 1338 2213 Latin
1364 2186 1455 2222 poet,
1482 2180 1539 2211 the
1566 2180 1716 2211 honours
1741 2178 1853 2210 which
1879 2179 1903 2210 it

97 2237 218 2269 misses
234 2237 268 2268 in
285 2237 406 2270 classic
423 2243 542 2279 poetry
558 2237 744 2279 generally,
762 2247 800 2269 as
815 2237 893 2269 well
911 2247 947 2269 as
965 2238 998 2268 in
1015 2237 1073 2268 the
1092 2236 1193 2268 Latin
1211 2243 1310 2277 poets
1326 2236 1366 2267 of
1376 2235 1435 2266 the
1452 2235 1553 2266 south
1571 2234 1610 2265 of
1623 2234 1768 2275 Europe.

211 2302 263 2333 74.
291 2293 433 2334 Sami0.]
480 2292 707 2334 Pythagoras.
753 2292 829 2324 The
854 2293 1000 2334 “Phryx
1015 2293 1032 2306 ’'
1057 2302 1129 2323 was
1154 2291 1369 2333 Euphorbus,
1394 2300 1456 2321 son
1480 2289 1520 2321 of
1541 2289 1671 2327 Priam;
1703 2299 1759 2320 see
1783 2289 1902 2320 Ovid’s

98 2346 191 2386 Met„
210 2347 283 2379 XV.
304 2348 375 2379 160.
