2594 3749
631 354 653 383 m

660 354 681 383 h)

1412 351 1648 382 PARERGA.

803 469 917 511 Proh
941 468 1088 511 dolor!
1123 468 1211 510 ista
1235 469 1331 510 lues
1352 482 1440 510 non
1464 475 1530 510 est
1554 467 1832 510 medicabilis
1854 467 2016 518 herbis,

858 538 999 579 Vasta
1022 551 1150 578 suum
1175 536 1380 591 quamvis
1403 536 1598 578 mitteret
1626 538 1705 578 Ida
1728 551 1899 578 nemus.

800 607 914 649 Cum
939 607 1146 655 subeunt,
1171 605 1272 660 pelli
1296 611 1483 659 possunt
1507 604 1802 647 medicamine
1826 604 1992 647 morbi:

855 673 1030 716 Tollere
1054 673 1291 716 nascentes
1314 673 1536 727 quaelibet
1561 673 1697 715 herba
1719 679 1878 727 potest.

795 745 875 785 Ast
901 743 972 785 ubi
996 743 1112 785 facta
1135 757 1258 784 mora
1285 749 1365 792 est,
1391 748 1574 784 sumunt
1598 756 1623 784 a
1646 748 1845 796 tempore
1871 741 2000 790 vires,

856 811 930 853 Nil
953 818 1048 855 tum
1073 811 1341 860 dictamnus,
1366 811 1426 852 nil
1454 824 1650 865 panacea
1672 810 1815 864 juvat.

798 881 906 930 Nec,
931 879 1136 934 quamvis
1158 887 1274 922 esset
1298 886 1431 934 caput
1455 879 1538 921 hoc
1561 878 1759 921 sanabile
1782 878 1947 928 succis;

852 950 1079 990 Annueret
1103 947 1299 990 medicae
1323 947 1544 1003 Cynthius
1567 954 1722 989 auctor
1742 946 1853 1002 opis.
2343 959 2423 998 130

796 1018 941 1073 Quam
966 1017 1135 1072 patitur
1156 1023 1295 1066 vates,
1319 1016 1437 1058 facta
1459 1023 1525 1058 est
1550 1015 1710 1058 iniuria
1734 1016 1927 1066 Phoebo,

856 1086 942 1128 Hic
966 1100 1148 1135 memor,
1174 1093 1216 1127 et
1238 1085 1387 1127 forsan
1411 1084 1608 1127 criminis
1631 1085 1749 1127 ultor
1770 1084 1866 1127 erit.

798 1155 898 1196 Non
922 1154 1102 1209 impune
1125 1154 1226 1196 tulit
1249 1153 1340 1196 vati
1364 1155 1479 1208 quod
1501 1153 1603 1196 fecit
1627 1153 1818 1203 Atrides,

855 1225 913 1265 Et
937 1223 1087 1266 didicit
1111 1224 1267 1278 longas
1291 1222 1502 1264 Numinis
1524 1237 1620 1264 esse
1644 1237 1818 1264 manus.

797 1293 897 1334 Non
920 1300 1071 1334 tamen
1094 1292 1179 1342 hic,
1205 1306 1460 1346 quanquam
1487 1306 1588 1346 spes
1613 1298 1679 1333 est
1702 1292 1881 1333 exclusa
1903 1291 2076 1341 salutis,

853 1364 996 1416 Aeger
1017 1361 1296 1416 Apollineam
1321 1375 1527 1415 spernere
1550 1362 1678 1403 debet
1701 1375 1847 1415 opem.

798 1431 922 1486 Quas
945 1430 1078 1472 miser
1099 1430 1306 1485 exspirat,
1325 1429 1545 1484 fugientes
1568 1430 1810 1484 naufragus
1832 1444 1964 1472 auras

853 1501 1032 1554 Captat,
1057 1507 1099 1542 et
1123 1499 1166 1540 in
1190 1499 1346 1541 mediis
1370 1498 1550 1541 brachia
1573 1499 1709 1541 iactat
1733 1498 1874 1553 aquis.

794 1568 969 1610 Tollere
991 1568 1026 1609 si
1050 1575 1200 1610 tantos
1223 1567 1362 1610 nescit
1386 1567 1604 1610 medicina
1626 1568 1818 1617 furores;

854 1638 921 1679 Ne
945 1637 1083 1692 possit
1096 1637 1226 1678 ·virus
1249 1651 1459 1686 crescere,
1483 1637 1595 1678 forte
1618 1636 1756 1679 dabit.
2342 1649 2423 1691 140

796 1707 917 1760 Ergo
939 1721 1019 1760 age
1045 1705 1313 1762 Hypermori
1337 1695 1489 1748 curam
1514 1706 1587 1761 qui
1611 1705 1814 1761 suscipis,
1839 1720 2017 1748 omnem

851 1775 977 1817 Tolle
1001 1790 1186 1825 moram,
1210 1781 1252 1817 et
1279 1781 1548 1831 promptam,
1573 1775 1609 1816 si
1635 1781 1775 1830 potes,
1801 1775 1908 1817 affer
1929 1788 2074 1830 opem.

796 1845 1136 1900 Quadrupedem
1161 1843 1303 1899 primo
1325 1843 1649 1898 constringens,
1674 1844 1851 1886 vincula
1873 1851 2052 1886 centum

853 1912 1003 1963 Iniice,
1028 1913 1191 1968 captivi
1215 1913 1365 1968 qualia
1386 1912 1497 1955 ferre
1520 1913 1678 1955 solent.

796 1983 847 2023 In
869 1981 1040 2024 facinus
1063 1981 1148 2024 ruit
1171 1996 1302 2024 omne
1323 1981 1456 2032 furor,
1481 1981 1565 2023 nisi
1588 1983 1799 2036 compede
1821 1981 1986 2024 frenes:

853 2051 954 2092 Non
977 2051 1059 2100 leo,
1084 2065 1171 2092 non
1194 2051 1320 2105 tigris
1344 2051 1443 2106 plus
1465 2051 1653 2093 feritatis
1676 2051 1824 2093 habet.

796 2121 900 2174 Ipsa
921 2120 1071 2161 furens
1093 2127 1248 2162 naturn
1272 2119 1504 2175 discerpsit
1530 2120 1729 2162 Penthea
1752 2126 1915 2162 mater:

849 2188 914 2230 Te
937 2188 1076 2243 patris
1099 2188 1292 2238 obtrivit,
1317 2203 1449 2242 parve
1474 2189 1686 2239 Learche,
1710 2189 1843 2230 furor.

794 2257 849 2298 Se
873 2272 1046 2312 quoque
1071 2258 1326 2299 Leucothoe
1349 2271 1449 2299 cum
1474 2265 1580 2299 nato
1603 2257 1813 2312 perdidit;
1848 2258 1959 2300 Aiax

852 2326 953 2380 Ipse
976 2340 1056 2367 suo
1078 2327 1260 2368 demens
1283 2326 1498 2379 sanguine
1521 2326 1651 2368 tinxit
1675 2326 1877 2368 humum.
2339 2339 2419 2380 150

793 2395 885 2436 Nec
908 2394 1064 2436 vinclis
1087 2395 1313 2449 pressisse,
1335 2395 1466 2444 satis;
1501 2402 1628 2437 nocet
1652 2395 1818 2437 halitus
1843 2395 1957 2445 oris;

852 2464 1059 2505 Deterius
1082 2465 1253 2506 nullum
1278 2464 1398 2506 virus
1423 2464 1628 2506 Echidna
1650 2464 1804 2506 vomit.

790 2534 913 2575 Abde
936 2539 1191 2575 catenatum
1216 2533 1374 2574 semoti
1398 2534 1586 2575 carceris
1609 2539 1752 2583 antro,

737 2694 808 2725 ¹²3-
837 2685 897 2716 Est
921 2685 1076 2727 quamvis
1100 2686 1275 2726 mitteret]
1320 2686 1395 2717 The
1419 2696 1588 2728 sequence
1603 2686 1644 2717 os
1662 2692 1776 2717 tenses
1800 2685 1879 2717 here
1904 2686 1932 2717 is
1955 2685 2198 2718 subordinated
2220 2693 2255 2718 to
2277 2686 2335 2718 the
2351 2686 2417 2718 exi-

620 2749 730 2781 gency
746 2740 786 2771 os
805 2746 920 2771 metre.

737 2803 807 2833 13¹·
836 2793 965 2825 Iniuria
983 2793 1149 2834 Phoebo.]
1193 2794 1327 2835 Apollo,
1346 2795 1448 2836 being
1464 2795 1521 2826 the
1539 2795 1605 2835 god
1623 2795 1704 2826 both
1722 2795 1761 2825 os
1779 2795 1919 2836 healing
1943 2795 2009 2826 and
2033 2795 2072 2827 of
2091 2802 2221 2837 poetry,
2238 2795 2305 2827 will
2322 2795 2418 2827 with-

620 2846 701 2878 hold
718 2847 770 2878 his
787 2847 929 2879 medical
946 2849 1031 2880 craft
1048 2849 1132 2879 from
1150 2858 1192 2879 an
1210 2859 1332 2890 enemy
1349 2855 1384 2880 to
1401 2859 1466 2880 one
1483 2849 1522 2880 of
1538 2849 1590 2879 his
1608 2849 1719 2890 poetic
1736 2859 1826 2881 sons.

739 2910 806 2941 133.
836 2901 997 2942 Atrides]
1041 2902 1278 2943 Agamemnon
1297 2913 1372 2934 rues
1389 2903 1441 2934 his
1458 2903 1562 2934 insult
1579 2909 1614 2935 to
1631 2903 1783 2944 Apollo‘s
1801 2903 1914 2944 priest,
1933 2902 1988 2934 the
2006 2902 2155 2934 incident
2171 2909 2215 2935 on
2233 2902 2343 2934 which
2360 2903 2418 2935 the

621 2954 714 2985 Iliad
731 2954 862 2997 hinges.
