2594 3749
701 316 755 370 46
1485 325 1722 359 PARERGA.

876 445 1058 486 Pectore
1082 444 1325 499 Slipperus,
1350 444 1476 486 calva
1502 445 1837 486 Butremannus
1859 451 2028 498 aperta,

932 512 1192 567 Interiitque
1215 511 1286 554 siti
1312 511 1550 567 Schligius,
1579 513 1710 567 Uppo
1737 513 1867 554 fame.
2418 527 2501 569 420

875 581 1050 623 Funera
1072 582 1341 623 densantur:
1376 580 1484 622 nulli
1508 596 1588 623 sua
1611 581 1773 635 profuit
1796 588 1934 629 aetas,

930 651 1017 691 Aut
1041 651 1172 699 ordo;
1207 649 1372 704 pariter
1393 664 1524 691 sexus
1547 657 1732 704 uterque
1755 649 1886 691 cadit.

873 717 990 759 Olim
1014 717 1160 772 gentis
1181 725 1275 760 erat
1300 732 1396 759 mos
1417 717 1735 772 vespillonibus
1758 717 1847 760 uti:

931 785 1129 841 Quisque
1151 785 1232 827 sibi
1256 786 1480 828 tumulum
1504 800 1622 828 nunc
1643 786 1752 828 fodit
1776 793 1909 840 atque
1932 785 2038 827 suis.

876 856 977 897 Uno
1000 870 1131 909 saepe
1155 855 1287 897 simul
1310 857 1562 897 conduntur
1584 856 1712 910 plura
1735 855 1937 910 sepulcro

931 925 1154 979 Corpora3
1188 939 1320 979 saepe
1343 926 1481 974 deest,
1506 939 1593 979 qua
1615 925 1907 974 tumulentur,
1933 925 2110 966 humus.

875 993 967 1034 Nec
991 993 1099 1035 ratis
1122 1008 1210 1035 una
1234 995 1381 1036 Erebo
1403 993 1632 1036 vectandis
1655 993 1816 1036 sufficit
1841 994 2023 1043 umbris,

933 1061 1055 1103 Mille
1078 1076 1259 1104 onerare
1283 1069 1402 1103 rates
1425 1062 1534 1104 haec
1560 1062 1738 1104 laniena
1764 1069 1925 1117 potest.

876 1130 1054 1184 Hospes
1077 1129 1147 1171 hic
1171 1137 1388 1172 autumno
1411 1130 1574 1184 stragis
1598 1130 1699 1185 plus
1723 1130 1857 1172 edidit
1882 1145 1983 1180 uno,

931 1199 1077 1253 Quam
1101 1197 1244 1253 potuit
1268 1197 1422 1240 lustris
1444 1198 1601 1240 classis
1625 1199 1755 1241 Ibera
1778 1200 1944 1241 decem.
2421 1212 2504 1254 430

877 1269 938 1310 Ut
961 1268 1087 1317 solet,
1113 1275 1294 1310 accusat
1317 1268 1478 1323 vulgus
1501 1268 1708 1323 contagia
1731 1267 1884 1323 pestis,

930 1336 1016 1378 Tot
1041 1351 1225 1379 cernens
1247 1337 1395 1379 subita
1417 1352 1601 1392 corpora
1624 1345 1766 1380 morte
1790 1337 1895 1393 rapi.

877 1406 963 1448 Hic
987 1407 1095 1448 caeli
1119 1406 1292 1457 vitium,
1317 1414 1360 1449 et
1383 1406 1529 1449 criniti
1553 1407 1708 1449 sideris
1731 1407 1870 1462 ignes,

932 1476 1112 1517 Effusas
1135 1475 1248 1517 alius
1272 1477 1354 1518 sub
1377 1477 1500 1519 Cane
1522 1475 1674 1531 culpat
1701 1491 1856 1530 aquas.

875 1544 954 1585 Ille
978 1544 1114 1594 lacus,
1141 1544 1253 1585 alter
1274 1551 1418 1587 terrae
1441 1551 1654 1587 causatur
1675 1544 1840 1595 hiatus,

932 1613 1217 1666 Corporaque
1241 1612 1284 1653 in
1308 1612 1474 1655 crimen
1498 1627 1587 1655 non
1610 1614 1834 1656 tumulata
1856 1621 2000 1655 vocat.

878 1680 1144 1723 Insimulare
1168 1682 1300 1723 audet
1324 1696 1457 1723 nemo
1481 1681 1804 1724 medicamina:
1839 1689 2013 1724 mentes

932 1749 1109 1791 Scilicet
1132 1749 1342 1804 antiquae
1364 1750 1553 1792 fascinat
1581 1750 1690 1792 artis
1716 1751 1872 1793 honos.

875 1819 983 1860 Pars
1005 1819 1156 1873 populi
1180 1826 1378 1861 mactata
1401 1820 1561 1869 Erebo,
1587 1835 1690 1875 pars
1712 1835 1845 1875 aegra
1867 1820 2073 1862 trahebat

931 1889 1154 1942 Corpora;
1189 1902 1291 1942 pars
1314 1896 1490 1930 tantum
1515 1896 1674 1943 quarta
1696 1895 1925 1943 superstes
1947 1895 2052 1930 erat.
2423 1901 2506 1943 440
2571 1892 2574 1926 l

873 1955 1001 1998 Tunc
1024 1957 1374 1999 Acherontiades
1397 1957 1549 2012 spoliis
1571 1965 1614 1999 et
1638 1957 1880 2000 honoribus
1902 1964 2074 2006 auctus,
2570 1955 2572 1966 ²

934 2027 1079 2068 Gente
1102 2024 1394 2080 triumphata,
1419 2033 1567 2068 eastra
1590 2040 1766 2068 movere
1789 2033 1932 2081 parat.

877 2094 978 2135 Non
1002 2093 1153 2148 procul
1177 2093 1277 2136 inde
1303 2094 1490 2136 Helicen
1518 2094 1632 2136 inter
1655 2095 1882 2149 solemque
1909 2095 2141 2136 cadentem

934 2161 1085 2203 Prisca
1107 2161 1252 2204 iacent
1276 2177 1410 2217 parvo
1433 2177 1569 2217 regna
1591 2163 1810 2218 dirempta
1831 2163 1958 2205 freto.

878 2230 1041 2272 Martia
1063 2245 1172 2286 gens
1195 2231 1284 2273 illic
1306 2231 1425 2274 fulvo
1449 2232 1649 2274 subiecta
1673 2232 1828 2282 Leoni,

933 2300 1081 2342 Effera
1104 2300 1178 2355 qui
1203 2300 1299 2342 miti
1324 2308 1504 2356 pectora
1527 2316 1635 2356 pace
1658 2301 1785 2356 regit.

875 2371 998 2412 Gens
1020 2377 1137 2412 terra
1161 2370 1405 2425 pelagoque
1430 2378 1612 2425 potens:
1647 2370 1875 2425 opulentia
1898 2384 2118 2425 nusquam

935 2439 1136 2489 Uberior,
1162 2439 1312 2494 populi
1335 2454 1416 2481 nec
1436 2454 1564 2495 mage
1586 2441 1717 2482 turba
1739 2440 1960 2494 frequens.

878 2507 980 2549 Huc
1004 2507 1090 2549 ruit
1114 2507 1345 2550 Aeolides:
1381 2508 1591 2550 stolidum
1617 2509 1732 2550 male
1756 2508 1934 2551 credula
1957 2509 2146 2563 praedae
2566 2560 2568 2563 v

934 2576 1046 2629 Spes
1069 2575 1198 2630 rapit,
1223 2582 1266 2618 et
1290 2575 1445 2631 paucis
1467 2577 1673 2632 cognitus
1696 2584 1800 2619 ante
1822 2577 1956 2619 furor.
2422 2587 2506 2630 450

817 2721 889 2750 420.
916 2712 1114 2754 Interiitque
1128 2712 1182 2743 siti
1201 2737 1208 2744 .
1229 2737 1235 2744 .
1255 2736 1261 2744 .
1281 2713 1397 2754 same.]
1426 2713 1495 2745 Siti
1509 2713 1679 2756 andfamc
1693 2714 1779 2745 have
1793 2713 1948 2755 changed
1962 2714 2075 2755 places
2089 2713 2174 2745 from
2188 2713 2244 2745 the
2260 2712 2354 2744 Paris
2367 2712 2506 2744 edition.

816 2775 890 2806 421.
918 2768 1050 2798 Funera
1067 2767 1279 2808 densantur.]
1325 2769 1353 2799 A
1371 2775 1465 2810 great
1483 2769 1667 2810 pestilence
1692 2768 1841 2810 actually
1866 2768 2011 2800 invaded
2030 2768 2183 2800 Holland
2200 2768 2232 2799 in
2254 2769 2344 2807 1624,
2362 2773 2396 2799 at
2415 2767 2507 2799 Delft
2563 2795 2565 2799 .

707 2829 766 2850 100
784 2830 924 2860 persons
942 2821 1048 2863 dying
1065 2822 1097 2852 in
1115 2832 1135 2853 a
1151 2822 1228 2862 day.
1276 2822 1433 2865 (Green's
1449 2823 1645 2861 Princesses,
1663 2824 1704 2857 V.
1724 2826 1816 2864 428.)

817 2885 890 2915 445.
918 2877 1043 2908 Martia
1071 2888 1155 2918 gens
1185 2877 1307 2918 fulvo.]
1353 2879 1472 2910 Seems
1498 2884 1534 2910 to
1562 2879 1602 2910 be
1633 2879 1802 2921 England,
1828 2879 1908 2910 with
1934 2879 1990 2910 the
2015 2878 2134 2920 ensign
2161 2878 2200 2910 of
2222 2878 2280 2910 the
2305 2877 2447 2919 Tawny,
2471 2887 2507 2909 or

706 2929 839 2960 Golden
861 2930 947 2960 Lion
967 2930 1163 2972 (ordinarily
1181 2931 1323 2964 “Three
1342 2932 1448 2964 Lions
1466 2934 1511 2965 Or
1525 2935 1570 2972 ’⁷).
