2594 3749
538 317 602 350 TO
635 317 715 349 DR.
750 315 994 348 PONTICUS
1025 315 1092 347 ΟΝ
1128 316 1445 348 MATRIMONY.
1813 318 1890 361 171

268 447 362 487 Nec
384 445 494 487 foret
517 443 735 498 interpres
760 444 997 497 Superum,
1022 442 1107 484 nisi
1132 457 1307 497 semper
1329 449 1503 484 amator

323 513 493 568 Iupiter
514 512 697 554 arsisset
722 511 903 561 lumine,
931 510 1066 560 Maia,
1090 517 1182 553 tuo.

266 584 374 631 Nec,
399 581 484 622 nisi
507 580 698 635 cepisset
723 579 897 622 Semele
919 578 1114 620 formosa
1135 578 1406 628 Tonantem,

321 649 442 691 Tuta
463 649 605 691 forent
631 648 721 690 ullo
746 647 968 689 Bacchica
991 648 1107 689 dona
1132 648 1244 688 Deo.
1841 659 1895 699 30

266 720 350 760 Per
373 719 568 772 Superos
594 717 840 769 Manesque
862 715 982 757 volat
1007 729 1114 769 puer
1135 715 1243 764 ales,
1268 722 1310 757 et
1334 715 1424 765 illa,

321 788 467 842 Quam
490 785 608 840 fugis
631 791 851 834 austerus,
876 790 1032 838 regnat
1056 783 1218 837 ubique
1241 785 1410 825 Venus.

265 854 351 910 Qui
374 854 454 896 tibi
479 853 701 895 Paeoniae
723 852 812 893 vim
841 859 982 893 totam
1006 851 1189 893 tradidit
1213 851 1336 902 artis,

323 924 360 965 A
381 922 512 978 genio
535 928 754 976 quantum
777 920 964 962 dissidet
987 920 1060 962 ille
1081 921 1192 962 tuo?

265 992 346 1034 Ille
369 991 618 1046 Cupidinea
640 990 882 1032 transfixus
906 989 1088 1043 cuspide
1114 989 1338 1044 Daphnen

320 1059 455 1110 Arsit,
480 1067 522 1101 et
547 1059 618 1101 hic
641 1059 812 1113 primus
835 1073 953 1100 nunc
976 1072 1152 1112 quoque
1176 1060 1305 1100 durat
1328 1072 1468 1100 amor.

263 1129 462 1184 Virginis
484 1127 655 1170 exuviis
679 1128 888 1169 Phoebus
911 1127 1257 1182 pharetramque
1280 1127 1511 1182 lyramque

322 1199 500 1240 Gaudet
525 1204 566 1238 et
590 1197 796 1238 intonsas
819 1197 1113 1238 condecorare
1137 1211 1305 1238 comas.

251 1266 316 1309 Te
340 1281 526 1321 quoque,
550 1266 825 1315 Leucothoe,
850 1279 931 1307 nec
955 1272 1024 1306 sat
1048 1265 1284 1320 patienter,
1308 1264 1492 1315 amavit,

321 1335 535 1378 Lacteola
557 1335 759 1377 traheres
783 1349 884 1376 curn
907 1341 986 1376 tua
1008 1348 1147 1388 pensa
1170 1349 1322 1376 manu.
1842 1345 1897 1386 40

266 1404 430 1447 Palluit
455 1405 693 1458 extemplo,
717 1410 761 1445 te
783 1403 893 1454 visa,
917 1403 1101 1445 luminis
1124 1410 1292 1453 auctor,

322 1475 385 1516 Ut
409 1474 533 1521 solet,
557 1473 737 1515 incursu
761 1487 862 1515 cum
889 1472 1000 1526 tegit
1024 1487 1100 1514 ora
1124 1487 1262 1515 soror.

264 1543 439 1599 Quique
461 1543 582 1584 faces
604 1550 646 1584 et
670 1542 759 1584 tela
781 1542 925 1583 vibrat
950 1541 1046 1583 sine
1069 1542 1171 1592 fine,
1196 1548 1380 1584 coactus

305 1614 388 1654 Est
414 1613 539 1654 Deus
564 1611 732 1653 Idaliae
755 1611 844 1653 tela
866 1611 1075 1665 facesque
1099 1611 1207 1665 pati.

263 1682 420 1724 Servat
444 1681 590 1723 adhuc
613 1680 816 1722 tumulus
838 1680 1000 1722 veteris
1022 1680 1212 1735 vestigia
1234 1680 1459 1730 flammae,

319 1750 531 1805 Turaque
556 1750 763 1792 Phoebea
786 1764 904 1792 nunc
929 1749 1000 1804 pia
1022 1749 1168 1791 fundit
1193 1764 1285 1804 ope.

264 1820 446 1862 Persida
469 1819 573 1874 quid
596 1834 853 1866 memorem,
879 1819 1126 1874 Clytienve,
1153 1819 1415 1869 Rhodonve,
1439 1818 1508 1861 vel
1531 1817 1670 1868 illam,

322 1891 420 1945 Qua
443 1896 568 1931 satus
590 1896 672 1939 est,
698 1888 866 1943 patrios
889 1888 963 1943 qui
988 1888 1104 1930 male
1128 1887 1238 1930 rexit
1263 1889 1434 1942 equos?

264 1959 355 2001 Ora
380 1959 504 2000 Deus
528 1957 703 2012 quoties
724 1957 857 1999 vertit
880 1956 1118 2006 radiantia,
1141 1956 1288 1999 factus

321 2028 506 2077 Cervus,
530 2033 573 2068 et
597 2026 822 2081 accipiter,
846 2033 947 2068 trux
969 2026 1051 2076 leo,
1076 2025 1219 2080 putris
1241 2040 1369 2068 anus.
1844 2034 1897 2076 50

264 2095 519 2138 Caelituum
542 2096 596 2138 de
617 2102 764 2150 gente,
791 2096 943 2137 Iovem
968 2095 1003 2136 si
1027 2094 1273 2150 dempseris
1300 2108 1454 2144 unum,

323 2164 509 2207 Pronior
530 2164 574 2206 in
598 2164 787 2206 Veneris
809 2163 978 2218 proelia
1000 2163 1154 2206 nullus
1176 2169 1285 2205 erat.

262 2231 327 2275 Te
350 2232 491 2288 patris
514 2233 768 2288 exemplum
793 2233 829 2274 si
853 2247 941 2274 non
965 2239 1129 2283 movet,
1154 2232 1304 2286 aspice
1327 2237 1501 2283 natum,

322 2302 545 2345 Paeoniae
568 2316 736 2357 poenas
759 2302 832 2356 qui
856 2301 976 2345 dedit
999 2302 1109 2344 artis
1133 2316 1230 2344 avo.

262 2373 365 2413 Non
388 2372 525 2414 semel
549 2371 620 2414 hic
643 2371 819 2414 blandis
844 2371 1048 2427 Hygieae
1070 2372 1185 2414 fixus
1211 2370 1364 2413 ocellis

318 2439 501 2490 Tabuit,
525 2447 584 2491 et,
609 2440 810 2483 medicus
832 2440 906 2495 qui
929 2440 1027 2491 fuit,
1051 2455 1183 2495 aeger
1204 2446 1313 2482 erat.

264 2510 366 2551 Non
390 2509 528 2552 semel
553 2509 756 2565 Epionae
778 2524 930 2553 roseas
952 2523 1151 2565 pressere
1173 2508 1379 2564 papillas,

204 2654 255 2685 42.
285 2646 455 2687 Incursu]
501 2646 640 2679 Edition
658 2646 710 2687 '32
727 2646 790 2679 has
807 2646 874 2678 “in
891 2656 992 2679 cursu
1005 2648 1023 2662 ’'
1041 2645 1201 2679 asunder.

204 2701 256 2740 48.
283 2700 375 2733 Male
390 2701 475 2732 rexit
491 2701 627 2743 equos]
673 2702 863 2734 Phaethon.

205 2763 256 2794 50.
281 2755 405 2796 Anus.]
461 2756 501 2787 In
526 2755 687 2795 Delitiae,
704 2766 742 2788 as
766 2756 800 2788 in
827 2756 974 2788 Raban's
997 2756 1036 2788 of
1054 2756 1118 2795 '32,
1143 2765 1163 2787 a
1187 2755 1283 2796 point
1299 2755 1339 2787 of
1354 2754 1599 2796 interrogation
1617 2763 1770 2795 appears.
1819 2752 1895 2784 The

95 2807 308 2851 Middelburg
324 2810 452 2842 edition
469 2810 597 2852 rightly
612 2821 767 2843 removes
783 2811 817 2844 it.

205 2872 257 2904 53.
283 2865 392 2897 Patris
407 2866 630 2907 exemplum.]
673 2866 798 2908 Apollo
814 2865 881 2898 and
898 2866 951 2898 his
967 2876 1030 2898 son
1048 2865 1282 2906 Aesculapius.

205 2928 257 2960 57.
284 2919 446 2960 Epiona]
493 2921 624 2962 Spouse
643 2921 682 2952 of
696 2921 932 2962 Aesculapius.
