2594 3749
653 336 705 378 28
1435 343 1669 374 PARERGA.

828 463 985 511 Nemo,
1010 462 1084 516 qui
1107 461 1262 503 viduas
1285 461 1497 503 thalamis
1520 460 1752 515 prohibere
1776 460 1994 509 secundis,

885 533 1042 581 Nemo,
1069 530 1142 586 qui
1165 531 1332 573 rabiem
1358 531 1520 585 pellere
1543 537 1707 585 posset,
1733 537 1843 572 erat.

830 602 954 643 Haec
977 601 1082 642 dum
1106 601 1357 642 detractant
1385 614 1566 649 omnes;
1604 600 1837 642 Hubertus
1860 599 1998 641 asello

882 671 1049 711 Vectus
1072 670 1212 718 adest,
1237 668 1338 711 huic
1362 683 1464 711 mox
1485 668 1607 724 optio
1628 669 1747 711 facta
1770 668 1863 710 seni
1886 676 1969 710 est.
2375 681 2458 720 310

829 738 960 793 Eligo
983 737 1217 793 posterius,
1243 738 1368 780 labor
1389 737 1459 780 hie
1482 737 1630 780 minus
1653 737 1896 793 improbus,
1921 737 2078 792 inquit,

887 807 1139 861 Utiliorque
1162 806 1274 856 aliis,
1300 806 1537 861 utiliorque
1560 806 1683 848 mihi.

830 877 898 917 Ex
921 876 996 918 illo
1021 876 1212 918 Huberti
1236 876 1401 930 passim
1431 876 1730 918 increbescere
1758 890 1938 926 numen,

887 945 1122 999 Dignaque
1145 951 1385 999 coeperunt
1410 959 1589 999 surgere
1613 945 1782 1000 templa
1808 947 1918 987 Deo.

831 1014 917 1056 Hic
940 1014 1097 1069 patria,
1123 1014 1192 1056 hic
1217 1016 1356 1063 sedes,
1380 1014 1450 1056 hic
1474 1014 1623 1068 magni
1648 1014 1845 1056 numinis
1867 1029 1958 1064 ara,

888 1084 1010 1124 Inter
1031 1083 1299 1124 inhumanos
1323 1083 1634 1138 conspicienda
1657 1084 1799 1138 lupos,

831 1152 1038 1206 Undique
1061 1154 1176 1194 dona
1198 1153 1342 1194 ferens
1365 1167 1515 1194 secum
1539 1167 1679 1207 genus
1702 1167 1833 1194 omne
1854 1153 2080 1194 furentum

889 1223 990 1264 Huc
1014 1222 1114 1271 ruit,
1139 1229 1181 1263 et
1205 1223 1348 1264 multa
1370 1237 1470 1264 cum
1495 1236 1623 1277 prece
1646 1222 1787 1277 poscit
1811 1237 1956 1277 opem.

831 1293 931 1333 Non
955 1299 1105 1333 tamen
1129 1292 1352 1346 extemplo
1375 1291 1535 1346 linquit
1558 1292 1703 1341 furor;
1739 1298 1843 1334 ante
1866 1293 2073 1334 sacerdos

885 1360 974 1402 Ter
995 1368 1128 1415 caput
1151 1360 1346 1402 irrorans
1368 1360 1554 1402 crimina
1576 1361 1737 1402 lustrat
1761 1360 1903 1415 aquis.
2378 1372 2462 1412 320

829 1429 917 1472 Ter
939 1429 1112 1472 niveam
1136 1429 1319 1472 indutus
1341 1436 1510 1472 vestem
1535 1429 1786 1484 procumbit
1810 1431 1865 1472 ad
1888 1444 2027 1480 aram,

890 1501 1130 1554 Raucaque
1153 1507 1220 1542 ter
1243 1515 1452 1542 mussans
1475 1515 1705 1542 murmura
1727 1500 1842 1542 farre
1864 1499 1979 1542 litat.

830 1570 957 1612 Tune
981 1577 1083 1612 ante
1107 1585 1183 1612 ora
1209 1570 1291 1611 Dei
1315 1570 1473 1612 vinclis
1496 1570 1799 1613 circumdatus
1821 1584 1953 1624 aeger

889 1639 1126 1689 Sternitur,
1151 1647 1192 1681 et
1217 1640 1403 1694 supplex
1425 1640 1577 1681 oscula
1600 1639 1694 1694 figit
1718 1639 1869 1680 humo.

834 1708 920 1751 Hic
942 1710 1068 1751 fovea
1091 1716 1157 1750 est
1181 1708 1325 1751 vicina
1350 1710 1461 1759 Deo,
1486 1715 1620 1763 caput
1644 1708 1765 1751 abdit
1789 1708 1833 1750 in
1857 1707 1978 1750 illam
1998 1723 2007 1757 ;

892 1780 1000 1820 Pars
1023 1779 1131 1820 latet
1155 1779 1362 1829 anterior,
1388 1778 1634 1834 posteriora
1657 1785 1827 1833 patent.

834 1849 960 1890 Haec
983 1856 1103 1890 secat
1127 1848 1315 1890 antistes
1337 1848 1472 1903 virgis
1495 1855 1537 1890 et
1561 1850 1740 1891 verbere
1763 1850 1928 1891 denso:

888 1916 1005 1959 Tota
1027 1924 1245 1960 venenato
1268 1924 1386 1960 terra
1409 1933 1563 1960 cruore
1586 1920 1734 1960 madet
1753 1934 1762 1959 :

834 1986 952 2029 Hinc
975 1987 1048 2029 ubi
1073 1994 1325 2042 protractus
1349 1987 1535 2043 supplex
1558 1987 1810 2030 advolvitur
1832 2001 1948 2036 arae,

891 2055 1065 2110 Terque
1091 2058 1236 2099 Deum
1260 2057 1488 2107 inclamat,
1513 2064 1581 2099 ter
1601 2056 1752 2099 tremit
1776 2071 1853 2099 ara
1876 2071 2010 2098 sono:
2381 2069 2464 2109 330

833 2125 948 2167 Turn
973 2126 1115 2168 crucis
1137 2126 1355 2181 adspicies
1378 2126 1543 2181 signari
1567 2126 1777 2182 stigmate
1800 2126 2006 2175 frontem,

892 2195 1085 2237 Sindone
1108 2210 1240 2249 quarn
1266 2211 1376 2250 pura
1398 2197 1529 2238 turba
1550 2197 1742 2238 verenda
1765 2194 1889 2250 tegit.

837 2265 962 2306 Haec
985 2265 1101 2306 stola
1124 2279 1250 2307 sacra
1276 2265 1358 2307 Dei
1386 2272 1468 2315 est,
1494 2266 1614 2308 nullo
1636 2264 1856 2307 violabilis
1879 2279 2001 2314 aevo,

893 2334 1024 2375 Secta
1047 2333 1147 2375 licet
1170 2333 1317 2384 toties,
1343 2349 1455 2389 quae
1478 2334 1559 2376 fuit
1584 2341 1702 2384 ante,
1728 2341 1894 2376 manet.

838 2403 1014 2444 Interea
1037 2403 1224 2445 tolerare
1249 2403 1383 2445 miser
1405 2403 1568 2445 ieiunia
1590 2410 1745 2453 venter

894 2471 1092 2526 Cogitur,
1117 2472 1253 2514 herba
1275 2473 1438 2515 famem
1464 2473 1601 2528 pellit,
1626 2479 1668 2514 ct
1692 2474 1811 2514 unda
1834 2471 1969 2514 sitim.

837 2541 962 2582 Haec
986 2541 1059 2583 ubi
1083 2541 1294 2583 sustinuit
1319 2542 1514 2591 rabidus,
1540 2541 1740 2584 mirabile
1763 2542 1897 2591 dictu,

896 2611 1025 2652 Mens
1047 2618 1089 2652 et
1113 2610 1339 2660 iudicium,
1365 2614 1480 2665 quod
1506 2612 1588 2653 fuit
1618 2618 1736 2661 ante,
1762 2611 1887 2653 redit.

840 2680 964 2720 Haec
987 2686 1029 2720 et
1055 2681 1336 2734 Hypermoro
1360 2680 1563 2734 quamvis
1585 2680 1656 2722 via
1679 2681 1824 2734 longa,
1850 2681 2032 2722 terenda
2054 2687 2146 2722 est:

897 2749 995 2790 Hoc
1018 2763 1175 2790 sanare
1199 2756 1332 2804 caput
1356 2749 1541 2791 numina
1564 2749 1658 2791 sola
1681 2756 1864 2803 queunt.
2382 2760 2466 2801 340

780 2905 853 2935 333.
880 2896 976 2927 Stola
992 2898 1114 2937 sacra.]
1160 2897 1243 2928 This
1261 2903 1416 2939 garment
1433 2907 1469 2929 or
1486 2897 1581 2929 sheet
1605 2896 1688 2929 used
1713 2897 1746 2928 in
1771 2897 1909 2939 healing
1927 2907 2047 2929 occurs
2064 2896 2164 2938 again
2181 2896 2214 2927 in
2235 2897 2300 2928 No.
2315 2897 2357 2927 V.
2375 2896 2396 2927 l.
2417 2905 2466 2936 15.

665 2949 739 2980 The
753 2950 857 2982 belief
869 2951 901 2981 in
920 2951 963 2983 its
979 2951 1120 2992 efficacy
1136 2952 1164 2983 is
1180 2952 1285 2989 there=
1301 2953 1466 2992 however,
1484 2953 1595 2984 stated
1612 2959 1648 2984 to
1661 2953 1701 2984 be
1715 2963 1758 2984 on
1774 2953 1831 2984 the
1843 2963 1940 2984 wane
1955 2965 1961 2984 :
1987 2952 2043 2983 the
2060 2962 2154 2983 wave
2171 2952 2210 2983 of
2221 2951 2278 2983 the
2298 2952 2467 2983 Reforma-

666 3004 736 3035 tion
755 3004 821 3036 had
839 3005 981 3037 effected
999 3007 1056 3038 the
1073 3007 1172 3039 ritual
1190 3008 1228 3038 os
1243 3009 1291 3038 St.
1312 3008 1454 3040 Hubert.
