2594 3749
0 324 7 370 3
736 328 893 359 ELEGY
925 327 993 359 ΟΝ
1026 327 1179 368 JAMES
1212 327 1239 358 Ι.
1834 327 1887 369 93

320 448 451 488 Nunc
475 447 674 500 leporum
698 459 854 487 cursus
878 444 970 486 lata
997 458 1075 497 per
1101 458 1208 485 arva
1236 442 1374 496 sequi.

263 517 406 569 Saepe
429 515 571 556 levem
595 514 741 556 medio
764 515 975 568 captabat
1000 512 1044 553 in
1068 519 1168 554 aere
1191 513 1404 566 praedam

321 585 506 633 Laetus,
530 590 573 625 et
596 584 679 624 hoc
702 583 798 624 solo
821 581 1039 637 sanguine
1061 580 1191 622 tinxit
1216 581 1421 622 humum.

263 654 406 694 Nocte
428 654 579 702 redux,
605 666 762 694 somno
785 665 872 692 non
896 650 1158 704 indulgebat
1181 649 1329 699 inerti,

7 725 9 748 ¹
321 722 415 762 Nec
438 722 573 762 dabat
597 720 757 774 ignavo
775 719 988 774 languida
1011 719 1212 760 membra
1234 725 1346 759 toro.

7 810 9 838 3
265 791 462 839 Pallada,
485 805 711 832 secessum
735 804 969 844 quaerens,
996 789 1241 841 Musasque
1264 786 1466 828 colebat:

324 861 382 901 Et
407 859 546 900 sensit
569 859 722 900 faciles
744 858 788 899 in
812 873 893 900 sua
915 866 1019 899 vota
1046 858 1182 898 Deas.
1818 867 1898 895 120

266 929 366 970 Hae
389 943 486 982 ope,
513 927 680 969 Iessaei
703 934 862 981 captus
886 925 1190 968 modulamine
1212 923 1346 978 regis,

325 997 483 1038 Intulit
510 997 715 1038 Hebreae
738 996 907 1050 plectra
936 994 1156 1037 Britanna
1184 994 1320 1049 lyrae.

268 1067 368 1108 Hac
391 1080 487 1120 ope,
512 1080 597 1119 quo
619 1072 797 1107 teneros
820 1064 914 1106 nati
937 1071 1064 1118 pater
1088 1062 1248 1104 imbuit
1276 1075 1434 1112 annos,

325 1134 517 1176 Protulit
540 1134 734 1177 invidiae
757 1134 969 1188 stigmate
994 1132 1139 1175 maius
1162 1146 1289 1186 opus.

267 1206 426 1247 Cetera
450 1204 553 1258 quid
577 1218 820 1246 memorem
844 1203 987 1245 sancti
1011 1201 1288 1244 monimenta
1311 1199 1510 1242 laboris?

327 1273 511 1316 Publica
534 1280 653 1322 sunt,
679 1280 721 1315 et
745 1287 846 1315 cum
872 1272 1076 1313 Brittone
1101 1272 1246 1313 Roma
1270 1269 1390 1324 legit.

270 1343 356 1384 His
378 1344 480 1385 addi
505 1343 665 1385 meruit
689 1342 845 1397 pietas,
868 1349 910 1383 et
934 1355 1034 1383 rara
1057 1346 1291 1395 potentum

327 1412 495 1462 Gloria,
520 1411 730 1453 defensae
752 1410 996 1465 relligionis
1019 1409 1177 1451 honos.

271 1481 404 1522 Hanc
426 1495 535 1535 puer
556 1480 790 1534 amplexus
813 1493 935 1521 seros
958 1477 1150 1520 servavit
1173 1477 1218 1518 in
1241 1490 1410 1519 annos:

329 1551 456 1591 Haec
479 1548 723 1604 exspiranti
746 1563 851 1590 cura
874 1561 1082 1602 suprema
1104 1546 1198 1588 fuit.
1825 1557 1906 1597 130

271 1618 345 1660 Nil
370 1634 522 1661 seeum
546 1619 734 1661 mortale
757 1618 935 1673 agitans
959 1616 1252 1658 moribundus
1275 1616 1330 1658 ad
1351 1621 1473 1658 astra

329 1689 521 1730 Sustulit
548 1688 750 1730 insontes
773 1694 815 1729 et
839 1686 935 1729 sine
959 1686 1058 1728 labe
1082 1699 1258 1727 manus.

271 1757 446 1813 Quique
469 1757 586 1812 regis
609 1757 798 1807 caelum,
823 1756 946 1798 caelo
970 1770 1041 1797 me
1065 1754 1255 1809 suscipe,
1281 1754 1406 1804 dixit,

329 1827 458 1869 Alme
481 1841 657 1882 parens,
681 1826 860 1870 animae
883 1832 1038 1880 portus
1061 1831 1103 1867 et
1127 1838 1236 1867 aura
1260 1838 1400 1866 meae.

272 1897 481 1951 Corporis
504 1897 687 1939 exuvias
709 1902 867 1945 terrae,
892 1894 972 1937 tibi
996 1908 1132 1949 regna
1155 1893 1358 1948 relinquo

330 1966 504 2016 Carole,
529 1980 631 2008 curn
654 1964 804 2020 regnis
827 1978 954 2006 saera
977 1970 1163 2018 paterna
1187 1977 1311 2017 cape.

275 2033 411 2083 Dixit,
434 2042 476 2076 et
499 2034 583 2076 hoe
606 2033 768 2089 ipsum,
792 2047 925 2075 voees
948 2046 1048 2074 cum
1073 2031 1227 2086 lingua
1250 2037 1449 2085 negaret,

331 2105 475 2158 Saepe
497 2103 628 2153 oculi,
652 2103 791 2145 fertur
816 2117 949 2157 saepe
976 2102 1126 2143 locuta
1154 2115 1330 2143 manus.

275 2172 362 2228 Qui
386 2174 517 2215 modo
539 2174 728 2214 devotus
751 2185 990 2226 regemque
1014 2177 1277 2225 patremque
1299 2168 1478 2212 colebas

332 2242 505 2291 Carole,
529 2241 599 2283 fac
622 2240 754 2295 regis,
777 2240 847 2282 fac
869 2246 968 2281 rata
990 2245 1095 2281 vota
1118 2237 1272 2293 patris.
1829 2248 1909 2290 140

277 2311 404 2352 Haec
427 2317 525 2352 rata
549 2310 584 2352 si
608 2309 796 2359 dederis,
821 2308 945 2351 caelo
969 2307 1210 2362 aspirante,
1232 2306 1434 2349 timenda

334 2380 448 2421 Sunt
471 2379 550 2422 tibi
573 2379 698 2421 nulla
719 2378 839 2428 foris,
864 2377 986 2419 nulla
1010 2376 1175 2432 pericla
1198 2375 1333 2418 domi.

277 2449 452 2491 Cuncta
474 2456 628 2503 regent
651 2447 815 2490 iunctis
841 2446 1028 2488 Themis
1051 2452 1094 2487 et
1117 2460 1203 2500 pax
1225 2458 1361 2487 aurea
1383 2443 1564 2492 dextris,

334 2517 420 2573 Qui
445 2525 606 2568 status,
630 2516 866 2572 imperium
889 2523 1016 2570 patre
1038 2521 1234 2563 tenente,
1258 2513 1356 2556 fuit.

278 2587 338 2628 Et
360 2586 440 2628 tibi
464 2601 578 2641 quae
600 2586 719 2628 vitae
741 2585 1004 2640 dispensant
1027 2584 1102 2626 fila
1125 2597 1310 2630 sorores,

337 2656 574 2698 Deducent
597 2655 754 2710 longos
776 2660 819 2696 et
842 2653 938 2696 sine
960 2654 1077 2695 nube
1099 2651 1207 2694 dies.

224 2840 294 2870 123.
321 2831 473 2863 Teneros
490 2830 560 2862 nati
578 2836 672 2871 pater
690 2829 810 2861 imbuit
827 2830 963 2868 annos]
1010 2828 1102 2869 King
1117 2828 1263 2869 James's
1281 2830 1299 2844 “
1316 2824 1491 2857 Basilikon
1510 2825 1627 2856 Doron
1641 2823 1671 2854 ’'.

225 2887 294 2925 146.
322 2886 461 2926 Longos
474 2892 507 2916 et
518 2885 591 2916 sine
608 2884 696 2916 nube
713 2884 810 2924 dies]
843 2885 972 2915 Occurs
989 2883 1062 2914 also
1079 2882 1112 2912 in
1132 2882 1200 2912 No.
1214 2881 1288 2917 VI„
1303 2881 1324 2911 l.
1342 2891 1411 2919 194.
1445 2879 1591 2920 Though
1606 2889 1625 2910 a
1638 2884 1727 2919 poet,
1742 2877 1913 2918 Johnston

110 2947 178 2970 was
195 2949 239 2970 no
262 2950 346 2971 seer.
393 2939 478 2971 This
494 2950 565 2970 was
583 2949 602 2970 a
624 2938 703 2970 vain
721 2937 943 2970 vaticination
961 2944 996 2969 to
1015 2936 1155 2967 Charles
1181 2936 1207 2966 I.
1256 2934 1414 2974 Already,
1435 2933 1468 2964 in
1492 2934 1584 2969 1621,
1601 2932 1659 2963 the
1684 2931 1778 2973 signs
1801 2932 1841 2963 of
1857 2931 1915 2962 the
