<?xml version="1.0" encoding="UTF-8"?>
<!DOCTYPE html PUBLIC "-//W3C//DTD XHTML 1.0 Transitional//EN"
    "http://www.w3.org/TR/xhtml1/DTD/xhtml1-transitional.dtd">
<html xmlns="http://www.w3.org/1999/xhtml" xml:lang="en" lang="en">
 <head>
  <title>
</title>
<meta http-equiv="Content-Type" content="text/html;charset=utf-8" />
  <meta name='ocr-system' content='tesseract 3.04.00' />
  <meta name='ocr-capabilities' content='ocr_page ocr_carea ocr_par ocr_line ocrx_word'/>
</head>
<body>
  <div class='ocr_page' id='page_1' title='image "./musalatinaaberdo01gedduoft_0195.png"; bbox 0 0 2594 3749; ppageno 0'>
   <div class='ocr_carea' id='block_1_1' title="bbox 5 1640 38 3027">
    <p class='ocr_par' dir='ltr' id='par_1_1' title="bbox 5 1640 38 3027">
     <span class='ocr_line' id='line_1_1' title="bbox 5 1640 38 3027; baseline 0 0"><span class='ocrx_word' id='word_1_1' title='bbox 5 1640 38 3027; x_wconf 95' lang='lat' dir='ltr'><strong> </strong></span> 
     </span>
    </p>
   </div>
   <div class='ocr_carea' id='block_1_2' title="bbox 712 326 1888 385">
    <p class='ocr_par' dir='ltr' id='par_1_2' title="bbox 712 326 1888 385">
     <span class='ocr_line' id='line_1_2' title="bbox 712 326 1888 385; baseline 0.009 -21"><span class='ocrx_word' id='word_1_2' title='bbox 712 334 741 365; x_wconf 87' lang='lat' dir='ltr'>A</span> <span class='ocrx_word' id='word_1_3' title='bbox 776 326 996 366; x_wconf 83' lang='lat' dir='ltr'>FISHER&#39;S</span> <span class='ocrx_word' id='word_1_4' title='bbox 1027 334 1268 369; x_wconf 82' lang='lat' dir='ltr'><strong>APOLOGY.</strong></span> <span class='ocrx_word' id='word_1_5' title='bbox 1809 342 1888 385; x_wconf 85' lang='lat'><strong>153</strong></span> 
     </span>
    </p>
   </div>
   <div class='ocr_carea' id='block_1_3' title="bbox 241 450 1885 2709">
    <p class='ocr_par' dir='ltr' id='par_1_3' title="bbox 241 450 1885 2709">
     <span class='ocr_line' id='line_1_3' title="bbox 313 450 1277 505; baseline 0.001 -13"><span class='ocrx_word' id='word_1_6' title='bbox 313 450 546 505; x_wconf 91' lang='lat' dir='ltr'><strong>Culpaque</strong></span> <span class='ocrx_word' id='word_1_7' title='bbox 569 451 786 492; x_wconf 85' lang='lat' dir='ltr'>duntaxat</span> <span class='ocrx_word' id='word_1_8' title='bbox 810 450 878 492; x_wconf 89' lang='lat' dir='ltr'><strong>bis</strong></span> <span class='ocrx_word' id='word_1_9' title='bbox 899 450 1091 504; x_wconf 88' lang='lat' dir='ltr'><strong>repetita</strong></span> <span class='ocrx_word' id='word_1_10' title='bbox 1113 458 1243 493; x_wconf 88' lang='lat' dir='ltr'><strong>nocet</strong></span> <span class='ocrx_word' id='word_1_11' title='bbox 1261 453 1277 493; x_wconf 84' lang='lat'>?</span> 
     </span>
     <span class='ocr_line' id='line_1_4' title="bbox 255 519 1436 574; baseline 0.001 -12"><span class='ocrx_word' id='word_1_12' title='bbox 255 520 341 562; x_wconf 90' lang='lat' dir='ltr'><strong>Sed</strong></span> <span class='ocrx_word' id='word_1_13' title='bbox 365 534 445 561; x_wconf 90' lang='lat' dir='ltr'><strong>nec</strong></span> <span class='ocrx_word' id='word_1_14' title='bbox 468 519 512 560; x_wconf 90' lang='lat' dir='ltr'><strong>in</strong></span> <span class='ocrx_word' id='word_1_15' title='bbox 535 519 618 561; x_wconf 92' lang='lat' dir='ltr'><strong>hoc</strong></span> <span class='ocrx_word' id='word_1_16' title='bbox 641 519 772 573; x_wconf 94' lang='lat' dir='ltr'><strong>culpa</strong></span> <span class='ocrx_word' id='word_1_17' title='bbox 795 525 878 569; x_wconf 89' lang='lat' dir='ltr'><strong>est,</strong></span> <span class='ocrx_word' id='word_1_18' title='bbox 903 519 986 561; x_wconf 85' lang='lat' dir='ltr'><strong>hac</strong></span> <span class='ocrx_word' id='word_1_19' title='bbox 1010 519 1046 560; x_wconf 86' lang='lat' dir='ltr'><strong>si</strong></span> <span class='ocrx_word' id='word_1_20' title='bbox 1070 534 1141 561; x_wconf 92' lang='lat' dir='ltr'><strong>me</strong></span> <span class='ocrx_word' id='word_1_21' title='bbox 1164 520 1261 562; x_wconf 90' lang='lat' dir='ltr'><strong>luce</strong></span> <span class='ocrx_word' id='word_1_22' title='bbox 1284 520 1436 574; x_wconf 87' lang='lat' dir='ltr'><strong>fatigo,</strong></span> 
     </span>
     <span class='ocr_line' id='line_1_5' title="bbox 313 587 1379 644; baseline 0.001 -14"><span class='ocrx_word' id='word_1_23' title='bbox 313 590 436 644; x_wconf 83' lang='lat' dir='ltr'><strong>Quae</strong></span> <span class='ocrx_word' id='word_1_24' title='bbox 459 588 540 631; x_wconf 87' lang='lat' dir='ltr'><strong>tibi</strong></span> <span class='ocrx_word' id='word_1_25' title='bbox 563 594 772 630; x_wconf 90' lang='lat' dir='ltr'><strong>censetur</strong></span> <span class='ocrx_word' id='word_1_26' title='bbox 792 588 920 638; x_wconf 82' lang='lat' dir='ltr'><strong>festa,</strong></span> <span class='ocrx_word' id='word_1_27' title='bbox 945 587 1142 642; x_wconf 89' lang='lat' dir='ltr'><strong>profesta</strong></span> <span class='ocrx_word' id='word_1_28' title='bbox 1164 588 1273 630; x_wconf 90' lang='lat' dir='ltr'><strong>mihi</strong></span> <span class='ocrx_word' id='word_1_29' title='bbox 1297 597 1379 632; x_wconf 92' lang='lat' dir='ltr'><strong>est.</strong></span> 
     </span>
     <span class='ocr_line' id='line_1_6' title="bbox 254 656 1337 709; baseline 0.001 -10"><span class='ocrx_word' id='word_1_30' title='bbox 254 658 354 699; x_wconf 91' lang='lat' dir='ltr'><strong>Hac</strong></span> <span class='ocrx_word' id='word_1_31' title='bbox 379 659 504 699; x_wconf 91' lang='lat' dir='ltr'><strong>Deus</strong></span> <span class='ocrx_word' id='word_1_32' title='bbox 527 656 734 699; x_wconf 82' lang='lat' dir='ltr'><strong>immensi</strong></span> <span class='ocrx_word' id='word_1_33' title='bbox 758 657 858 698; x_wconf 90' lang='lat' dir='ltr'><strong>iecit</strong></span> <span class='ocrx_word' id='word_1_34' title='bbox 882 656 1145 700; x_wconf 86' lang='lat' dir='ltr'><strong>fundamina</strong></span> <span class='ocrx_word' id='word_1_35' title='bbox 1168 658 1337 709; x_wconf 88' lang='lat' dir='ltr'><strong>mundi,</strong></span> 
     </span>
     <span class='ocr_line' id='line_1_7' title="bbox 312 725 1885 783; baseline 0.003 -15"><span class='ocrx_word' id='word_1_36' title='bbox 312 726 550 780; x_wconf 89' lang='lat' dir='ltr'><strong>Primaque</strong></span> <span class='ocrx_word' id='word_1_37' title='bbox 574 727 648 768; x_wconf 86' lang='lat' dir='ltr'><strong>lux</strong></span> <span class='ocrx_word' id='word_1_38' title='bbox 671 725 815 768; x_wconf 89' lang='lat' dir='ltr'><strong>sancti</strong></span> <span class='ocrx_word' id='word_1_39' title='bbox 838 725 982 780; x_wconf 90' lang='lat' dir='ltr'><strong>prima</strong></span> <span class='ocrx_word' id='word_1_40' title='bbox 1010 725 1173 768; x_wconf 90' lang='lat' dir='ltr'><strong>laboris</strong></span> <span class='ocrx_word' id='word_1_41' title='bbox 1199 734 1308 769; x_wconf 83' lang='lat' dir='ltr'><strong>erat.</strong></span> <span class='ocrx_word' id='word_1_42' title='bbox 1805 744 1885 783; x_wconf 85' lang='lat'><strong>130</strong></span> 
     </span>
     <span class='ocr_line' id='line_1_8' title="bbox 254 795 1424 850; baseline 0.003 -14"><span class='ocrx_word' id='word_1_43' title='bbox 254 797 354 837; x_wconf 93' lang='lat' dir='ltr'><strong>Hac</strong></span> <span class='ocrx_word' id='word_1_44' title='bbox 376 796 526 846; x_wconf 87' lang='lat' dir='ltr'><strong>chaos,</strong></span> <span class='ocrx_word' id='word_1_45' title='bbox 551 796 634 837; x_wconf 90' lang='lat' dir='ltr'><strong>hac</strong></span> <span class='ocrx_word' id='word_1_46' title='bbox 657 795 801 850; x_wconf 91' lang='lat' dir='ltr'><strong>coepit</strong></span> <span class='ocrx_word' id='word_1_47' title='bbox 825 795 899 837; x_wconf 84' lang='lat' dir='ltr'><strong>lux</strong></span> <span class='ocrx_word' id='word_1_48' title='bbox 922 796 1120 837; x_wconf 92' lang='lat' dir='ltr'><strong>nondum</strong></span> <span class='ocrx_word' id='word_1_49' title='bbox 1145 795 1237 838; x_wconf 92' lang='lat' dir='ltr'><strong>sole</strong></span> <span class='ocrx_word' id='word_1_50' title='bbox 1260 803 1424 847; x_wconf 90' lang='lat' dir='ltr'><strong>creato,</strong></span> 
     </span>
     <span class='ocr_line' id='line_1_9' title="bbox 310 865 1256 920; baseline 0.001 -13"><span class='ocrx_word' id='word_1_51' title='bbox 310 866 509 908; x_wconf 89' lang='lat' dir='ltr'><strong>Hac-lux</strong></span> <span class='ocrx_word' id='word_1_52' title='bbox 531 881 557 908; x_wconf 92' lang='lat' dir='ltr'><strong>a</strong></span> <span class='ocrx_word' id='word_1_53' title='bbox 577 865 772 908; x_wconf 88' lang='lat' dir='ltr'><strong>tenebris</strong></span> <span class='ocrx_word' id='word_1_54' title='bbox 795 866 892 908; x_wconf 90' lang='lat' dir='ltr'><strong>luce</strong></span> <span class='ocrx_word' id='word_1_55' title='bbox 915 866 1138 920; x_wconf 88' lang='lat' dir='ltr'><strong>dirempta</strong></span> <span class='ocrx_word' id='word_1_56' title='bbox 1159 867 1256 908; x_wconf 85' lang='lat' dir='ltr'><strong>fuit.</strong></span> 
     </span>
     <span class='ocr_line' id='line_1_10' title="bbox 247 934 1362 989; baseline 0.001 -13"><span class='ocrx_word' id='word_1_57' title='bbox 247 934 472 989; x_wconf 82' lang='lat' dir='ltr'><strong>Tempora</strong></span> <span class='ocrx_word' id='word_1_58' title='bbox 496 934 531 976; x_wconf 93' lang='lat' dir='ltr'><strong>si</strong></span> <span class='ocrx_word' id='word_1_59' title='bbox 556 949 779 984; x_wconf 79' lang='lat' dir='ltr'><strong>numeres,</strong></span> <span class='ocrx_word' id='word_1_60' title='bbox 806 935 932 975; x_wconf 90' lang='lat' dir='ltr'><strong>Deus</strong></span> <span class='ocrx_word' id='word_1_61' title='bbox 958 934 1034 976; x_wconf 90' lang='lat' dir='ltr'><strong>illa</strong></span> <span class='ocrx_word' id='word_1_62' title='bbox 1057 934 1155 977; x_wconf 91' lang='lat' dir='ltr'><strong>luce</strong></span> <span class='ocrx_word' id='word_1_63' title='bbox 1179 935 1362 989; x_wconf 89' lang='lat' dir='ltr'><strong>quievit,</strong></span> 
     </span>
     <span class='ocr_line' id='line_1_11' title="bbox 306 1003 1289 1059; baseline 0.001 -14"><span class='ocrx_word' id='word_1_64' title='bbox 306 1004 432 1059; x_wconf 84' lang='lat' dir='ltr'><strong>Quae</strong></span> <span class='ocrx_word' id='word_1_65' title='bbox 456 1018 581 1046; x_wconf 89' lang='lat' dir='ltr'><strong>sacra</strong></span> <span class='ocrx_word' id='word_1_66' title='bbox 604 1003 813 1057; x_wconf 85' lang='lat' dir='ltr'><strong>falcigero</strong></span> <span class='ocrx_word' id='word_1_67' title='bbox 837 1003 1033 1046; x_wconf 86' lang='lat' dir='ltr'><strong>creditur</strong></span> <span class='ocrx_word' id='word_1_68' title='bbox 1054 1018 1151 1045; x_wconf 89' lang='lat' dir='ltr'><strong>esse</strong></span> <span class='ocrx_word' id='word_1_69' title='bbox 1177 1005 1289 1046; x_wconf 80' lang='lat' dir='ltr'><strong>Deo,</strong></span> 
     </span>
     <span class='ocr_line' id='line_1_12' title="bbox 252 1072 1550 1125; baseline 0.002 -13"><span class='ocrx_word' id='word_1_70' title='bbox 252 1072 378 1113; x_wconf 87' lang='lat' dir='ltr'><strong>Haec</strong></span> <span class='ocrx_word' id='word_1_71' title='bbox 402 1087 529 1114; x_wconf 88' lang='lat' dir='ltr'><strong>sacra</strong></span> <span class='ocrx_word' id='word_1_72' title='bbox 552 1072 626 1113; x_wconf 81' lang='lat' dir='ltr'><strong>lux</strong></span> <span class='ocrx_word' id='word_1_73' title='bbox 651 1072 830 1113; x_wconf 88' lang='lat' dir='ltr'><strong>Phoebo</strong></span> <span class='ocrx_word' id='word_1_74' title='bbox 854 1077 936 1121; x_wconf 91' lang='lat' dir='ltr'><strong>est,</strong></span> <span class='ocrx_word' id='word_1_75' title='bbox 962 1086 1050 1125; x_wconf 90' lang='lat' dir='ltr'><strong>qua</strong></span> <span class='ocrx_word' id='word_1_76' title='bbox 1072 1078 1121 1114; x_wconf 92' lang='lat' dir='ltr'><strong>tu</strong></span> <span class='ocrx_word' id='word_1_77' title='bbox 1145 1072 1253 1114; x_wconf 86' lang='lat' dir='ltr'><strong>mihi</strong></span> <span class='ocrx_word' id='word_1_78' title='bbox 1278 1072 1390 1116; x_wconf 89' lang='lat' dir='ltr'><strong>retia</strong></span> <span class='ocrx_word' id='word_1_79' title='bbox 1412 1074 1550 1115; x_wconf 91' lang='lat' dir='ltr'><strong>durus</strong></span> 
     </span>
     <span class='ocr_line' id='line_1_13' title="bbox 309 1139 1249 1195; baseline 0 -13"><span class='ocrx_word' id='word_1_80' title='bbox 309 1141 511 1191; x_wconf 82' lang='lat' dir='ltr'><strong>Excutis,</strong></span> <span class='ocrx_word' id='word_1_81' title='bbox 537 1140 723 1195; x_wconf 84' lang='lat' dir='ltr'><strong>ignavos</strong></span> <span class='ocrx_word' id='word_1_82' title='bbox 746 1139 817 1182; x_wconf 91' lang='lat' dir='ltr'><strong>hic</strong></span> <span class='ocrx_word' id='word_1_83' title='bbox 843 1140 968 1181; x_wconf 90' lang='lat' dir='ltr'><strong>Deus</strong></span> <span class='ocrx_word' id='word_1_84' title='bbox 992 1155 1089 1182; x_wconf 89' lang='lat' dir='ltr'><strong>esse</strong></span> <span class='ocrx_word' id='word_1_85' title='bbox 1111 1147 1249 1183; x_wconf 89' lang='lat' dir='ltr'><strong>vetat.</strong></span> 
     </span>
     <span class='ocr_line' id='line_1_14' title="bbox 248 1208 1433 1263; baseline 0.001 -12"><span class='ocrx_word' id='word_1_86' title='bbox 248 1209 383 1251; x_wconf 91' lang='lat' dir='ltr'><strong>Nulla</strong></span> <span class='ocrx_word' id='word_1_87' title='bbox 406 1208 531 1263; x_wconf 90' lang='lat' dir='ltr'><strong>quies</strong></span> <span class='ocrx_word' id='word_1_88' title='bbox 554 1208 616 1250; x_wconf 92' lang='lat' dir='ltr'><strong>illi</strong></span> <span class='ocrx_word' id='word_1_89' title='bbox 641 1215 735 1250; x_wconf 90' lang='lat' dir='ltr'><strong>est:</strong></span> <span class='ocrx_word' id='word_1_90' title='bbox 769 1208 925 1250; x_wconf 85' lang='lat' dir='ltr'><strong>famuli</strong></span> <span class='ocrx_word' id='word_1_91' title='bbox 949 1223 1030 1251; x_wconf 88' lang='lat' dir='ltr'><strong>nos</strong></span> <span class='ocrx_word' id='word_1_92' title='bbox 1053 1209 1252 1252; x_wconf 90' lang='lat' dir='ltr'><strong>fluminis</strong></span> <span class='ocrx_word' id='word_1_93' title='bbox 1276 1211 1433 1260; x_wconf 89' lang='lat' dir='ltr'><strong>undas,</strong></span> 
     </span>
     <span class='ocr_line' id='line_1_15' title="bbox 306 1277 1139 1332; baseline 0.001 -14"><span class='ocrx_word' id='word_1_94' title='bbox 306 1277 387 1319; x_wconf 92' lang='lat' dir='ltr'><strong>Ille</strong></span> <span class='ocrx_word' id='word_1_95' title='bbox 410 1292 515 1320; x_wconf 92' lang='lat' dir='ltr'><strong>suos</strong></span> <span class='ocrx_word' id='word_1_96' title='bbox 538 1277 659 1319; x_wconf 90' lang='lat' dir='ltr'><strong>omni</strong></span> <span class='ocrx_word' id='word_1_97' title='bbox 683 1278 781 1319; x_wconf 91' lang='lat' dir='ltr'><strong>luce</strong></span> <span class='ocrx_word' id='word_1_98' title='bbox 804 1277 961 1332; x_wconf 85' lang='lat' dir='ltr'><strong>fatigat</strong></span> <span class='ocrx_word' id='word_1_99' title='bbox 986 1292 1139 1331; x_wconf 92' lang='lat' dir='ltr'><strong>equos.</strong></span> 
     </span>
     <span class='ocr_line' id='line_1_16' title="bbox 249 1345 1350 1401; baseline 0.003 -14"><span class='ocrx_word' id='word_1_100' title='bbox 249 1346 486 1401; x_wconf 87' lang='lat' dir='ltr'><strong>Diserepat</strong></span> <span class='ocrx_word' id='word_1_101' title='bbox 510 1346 581 1388; x_wconf 91' lang='lat' dir='ltr'><strong>hic</strong></span> <span class='ocrx_word' id='word_1_102' title='bbox 604 1345 732 1388; x_wconf 90' lang='lat' dir='ltr'><strong>nobis</strong></span> <span class='ocrx_word' id='word_1_103' title='bbox 754 1345 878 1388; x_wconf 90' lang='lat' dir='ltr'><strong>tenui</strong></span> <span class='ocrx_word' id='word_1_104' title='bbox 902 1346 1172 1398; x_wconf 81' lang='lat' dir='ltr'><strong>discrimine,</strong></span> <span class='ocrx_word' id='word_1_105' title='bbox 1198 1361 1350 1390; x_wconf 90' lang='lat' dir='ltr'><strong>curam</strong></span> 
     </span>
     <span class='ocr_line' id='line_1_17' title="bbox 305 1415 1882 1473; baseline 0.002 -17"><span class='ocrx_word' id='word_1_106' title='bbox 305 1415 386 1457; x_wconf 94' lang='lat' dir='ltr'><strong>Ille</strong></span> <span class='ocrx_word' id='word_1_107' title='bbox 408 1416 521 1470; x_wconf 87' lang='lat' dir='ltr'><strong>gerit</strong></span> <span class='ocrx_word' id='word_1_108' title='bbox 546 1415 716 1465; x_wconf 90' lang='lat' dir='ltr'><strong>mundi,</strong></span> <span class='ocrx_word' id='word_1_109' title='bbox 741 1430 811 1457; x_wconf 88' lang='lat' dir='ltr'><strong>res</strong></span> <span class='ocrx_word' id='word_1_110' title='bbox 834 1430 915 1470; x_wconf 85' lang='lat' dir='ltr'><strong>ego</strong></span> <span class='ocrx_word' id='word_1_111' title='bbox 939 1430 1045 1457; x_wconf 89' lang='lat' dir='ltr'><strong>curo</strong></span> <span class='ocrx_word' id='word_1_112' title='bbox 1067 1430 1206 1458; x_wconf 85' lang='lat' dir='ltr'><strong>meas.</strong></span> <span class='ocrx_word' id='word_1_113' title='bbox 1802 1430 1882 1473; x_wconf 86' lang='lat'><strong>140</strong></span> 
     </span>
     <span class='ocr_line' id='line_1_18' title="bbox 246 1484 1380 1539; baseline 0 -12"><span class='ocrx_word' id='word_1_114' title='bbox 246 1484 426 1527; x_wconf 87' lang='lat' dir='ltr'><strong>Crimen</strong></span> <span class='ocrx_word' id='word_1_115' title='bbox 449 1486 575 1527; x_wconf 89' lang='lat' dir='ltr'><strong>abest</strong></span> <span class='ocrx_word' id='word_1_116' title='bbox 598 1484 741 1533; x_wconf 87' lang='lat' dir='ltr'><strong>facto;</strong></span> <span class='ocrx_word' id='word_1_117' title='bbox 776 1484 847 1526; x_wconf 90' lang='lat' dir='ltr'><strong>eui</strong></span> <span class='ocrx_word' id='word_1_118' title='bbox 870 1498 957 1526; x_wconf 91' lang='lat' dir='ltr'><strong>non</strong></span> <span class='ocrx_word' id='word_1_119' title='bbox 981 1490 1047 1526; x_wconf 91' lang='lat' dir='ltr'><strong>est</strong></span> <span class='ocrx_word' id='word_1_120' title='bbox 1071 1499 1178 1526; x_wconf 90' lang='lat' dir='ltr'><strong>cura</strong></span> <span class='ocrx_word' id='word_1_121' title='bbox 1201 1484 1380 1539; x_wconf 89' lang='lat' dir='ltr'><strong>peculi?</strong></span> 
     </span>
     <span class='ocr_line' id='line_1_19' title="bbox 303 1553 1427 1609; baseline 0 -14"><span class='ocrx_word' id='word_1_122' title='bbox 303 1554 432 1609; x_wconf 83' lang='lat' dir='ltr'><strong>Quod</strong></span> <span class='ocrx_word' id='word_1_123' title='bbox 456 1553 602 1595; x_wconf 88' lang='lat' dir='ltr'><strong>scelus</strong></span> <span class='ocrx_word' id='word_1_124' title='bbox 625 1560 706 1604; x_wconf 90' lang='lat' dir='ltr'><strong>est,</strong></span> <span class='ocrx_word' id='word_1_125' title='bbox 732 1553 768 1594; x_wconf 89' lang='lat' dir='ltr'><strong>si</strong></span> <span class='ocrx_word' id='word_1_126' title='bbox 792 1567 890 1594; x_wconf 89' lang='lat' dir='ltr'><strong>sum</strong></span> <span class='ocrx_word' id='word_1_127' title='bbox 915 1553 1143 1607; x_wconf 86' lang='lat' dir='ltr'><strong>proximus</strong></span> <span class='ocrx_word' id='word_1_128' title='bbox 1166 1553 1260 1608; x_wconf 90' lang='lat' dir='ltr'><strong>ipse</strong></span> <span class='ocrx_word' id='word_1_129' title='bbox 1283 1553 1427 1596; x_wconf 89' lang='lat' dir='ltr'><strong>mihi?</strong></span> 
     </span>
     <span class='ocr_line' id='line_1_20' title="bbox 246 1616 1378 1676; baseline 0 -11"><span class='ocrx_word' id='word_1_130' title='bbox 246 1624 423 1673; x_wconf 81' lang='lat' dir='ltr'><strong>Obstat,</strong></span> <span class='ocrx_word' id='word_1_131' title='bbox 448 1622 528 1673; x_wconf 89' lang='lat' dir='ltr'><strong>ais,</strong></span> <span class='ocrx_word' id='word_1_132' title='bbox 552 1622 723 1676; x_wconf 87' lang='lat' dir='ltr'><strong>pietas;</strong></span> <span class='ocrx_word' id='word_1_133' title='bbox 758 1623 833 1664; x_wconf 91' lang='lat' dir='ltr'><strong>sed</strong></span> <span class='ocrx_word' id='word_1_134' title='bbox 857 1622 932 1676; x_wconf 87' lang='lat' dir='ltr'><strong>qui</strong></span> <span class='ocrx_word' id='word_1_135' title='bbox 955 1616 1143 1664; x_wconf 69' lang='lat' dir='ltr'><strong>venatur</strong></span> <span class='ocrx_word' id='word_1_136' title='bbox 1164 1622 1209 1664; x_wconf 90' lang='lat' dir='ltr'><strong>in</strong></span> <span class='ocrx_word' id='word_1_137' title='bbox 1233 1623 1378 1673; x_wconf 91' lang='lat' dir='ltr'><strong>undis,</strong></span> 
     </span>
     <span class='ocr_line' id='line_1_21' title="bbox 303 1691 1332 1747; baseline 0.001 -14"><span class='ocrx_word' id='word_1_138' title='bbox 303 1691 426 1734; x_wconf 88' lang='lat' dir='ltr'><strong>Utile</strong></span> <span class='ocrx_word' id='word_1_139' title='bbox 450 1693 566 1746; x_wconf 90' lang='lat' dir='ltr'><strong>quod</strong></span> <span class='ocrx_word' id='word_1_140' title='bbox 589 1705 677 1733; x_wconf 94' lang='lat' dir='ltr'><strong>non</strong></span> <span class='ocrx_word' id='word_1_141' title='bbox 701 1697 784 1741; x_wconf 89' lang='grc' dir='ltr'>θεῖ,</span> <span class='ocrx_word' id='word_1_142' title='bbox 808 1705 897 1733; x_wconf 93' lang='lat' dir='ltr'><strong>non</strong></span> <span class='ocrx_word' id='word_1_143' title='bbox 919 1697 1048 1746; x_wconf 87' lang='lat' dir='ltr'><strong>putat</strong></span> <span class='ocrx_word' id='word_1_144' title='bbox 1072 1706 1169 1733; x_wconf 92' lang='lat' dir='ltr'><strong>esse</strong></span> <span class='ocrx_word' id='word_1_145' title='bbox 1193 1692 1332 1747; x_wconf 88' lang='lat' dir='ltr'><strong>pium.</strong></span> 
     </span>
     <span class='ocr_line' id='line_1_22' title="bbox 243 1759 1303 1815; baseline 0 -13"><span class='ocrx_word' id='word_1_146' title='bbox 243 1760 418 1815; x_wconf 82' lang='lat' dir='ltr'><strong>Vulgus</strong></span> <span class='ocrx_word' id='word_1_147' title='bbox 441 1759 678 1810; x_wconf 83' lang='lat' dir='ltr'><strong>amicitias,</strong></span> <span class='ocrx_word' id='word_1_148' title='bbox 703 1759 940 1810; x_wconf 88' lang='lat' dir='ltr'><strong>connubia,</strong></span> <span class='ocrx_word' id='word_1_149' title='bbox 965 1759 1075 1810; x_wconf 87' lang='lat' dir='ltr'><strong>iura,</strong></span> <span class='ocrx_word' id='word_1_150' title='bbox 1101 1759 1303 1811; x_wconf 86' lang='lat' dir='ltr'><strong>clientes,</strong></span> 
     </span>
     <span class='ocr_line' id='line_1_23' title="bbox 302 1828 1098 1883; baseline 0 -13"><span class='ocrx_word' id='word_1_151' title='bbox 302 1829 384 1871; x_wconf 92' lang='lat' dir='ltr'><strong>Ille</strong></span> <span class='ocrx_word' id='word_1_152' title='bbox 409 1830 530 1870; x_wconf 90' lang='lat' dir='ltr'><strong>Deos</strong></span> <span class='ocrx_word' id='word_1_153' title='bbox 557 1828 677 1883; x_wconf 89' lang='lat' dir='ltr'><strong>ipsos</strong></span> <span class='ocrx_word' id='word_1_154' title='bbox 704 1828 898 1870; x_wconf 89' lang='lat' dir='ltr'><strong>utilitate</strong></span> <span class='ocrx_word' id='word_1_155' title='bbox 925 1830 1098 1883; x_wconf 87' lang='lat' dir='ltr'><strong>probat.</strong></span> 
     </span>
     <span class='ocr_line' id='line_1_24' title="bbox 243 1897 1461 1953; baseline 0.001 -15"><span class='ocrx_word' id='word_1_156' title='bbox 243 1899 368 1953; x_wconf 83' lang='lat' dir='ltr'><strong>Quae</strong></span> <span class='ocrx_word' id='word_1_157' title='bbox 392 1897 500 1938; x_wconf 88' lang='lat' dir='ltr'><strong>mihi</strong></span> <span class='ocrx_word' id='word_1_158' title='bbox 523 1897 611 1939; x_wconf 88' lang='lat' dir='ltr'><strong>iam</strong></span> <span class='ocrx_word' id='word_1_159' title='bbox 636 1912 763 1939; x_wconf 89' lang='lat' dir='ltr'><strong>mens</strong></span> <span class='ocrx_word' id='word_1_160' title='bbox 785 1903 868 1947; x_wconf 88' lang='grc' dir='ltr'>θεῖ,</span> <span class='ocrx_word' id='word_1_161' title='bbox 893 1897 1006 1939; x_wconf 88' lang='lat' dir='ltr'><strong>sacri</strong></span> <span class='ocrx_word' id='word_1_162' title='bbox 1029 1897 1110 1939; x_wconf 88' lang='lat' dir='ltr'><strong>fuit</strong></span> <span class='ocrx_word' id='word_1_163' title='bbox 1135 1897 1302 1940; x_wconf 89' lang='lat' dir='ltr'><strong>ordinis</strong></span> <span class='ocrx_word' id='word_1_164' title='bbox 1327 1897 1461 1947; x_wconf 89' lang='lat' dir='ltr'><strong>olim;</strong></span> 
     </span>
     <span class='ocr_line' id='line_1_25' title="bbox 301 1966 1185 2021; baseline 0 -13"><span class='ocrx_word' id='word_1_165' title='bbox 301 1968 437 2008; x_wconf 87' lang='lat' dir='ltr'><strong>Festa</strong></span> <span class='ocrx_word' id='word_1_166' title='bbox 459 1967 554 2008; x_wconf 92' lang='lat' dir='ltr'><strong>dies</strong></span> <span class='ocrx_word' id='word_1_167' title='bbox 576 1966 639 2007; x_wconf 91' lang='lat' dir='ltr'><strong>illi</strong></span> <span class='ocrx_word' id='word_1_168' title='bbox 664 1973 834 2021; x_wconf 86' lang='lat' dir='ltr'><strong>quanta</strong></span> <span class='ocrx_word' id='word_1_169' title='bbox 856 1967 1025 2008; x_wconf 89' lang='lat' dir='ltr'><strong>tributa</strong></span> <span class='ocrx_word' id='word_1_170' title='bbox 1049 1967 1150 2008; x_wconf 90' lang='lat' dir='ltr'><strong>tulit</strong></span> <span class='ocrx_word' id='word_1_171' title='bbox 1169 1967 1185 2008; x_wconf 75' lang='grc' dir='ltr'>Ρ</span> 
     </span>
     <span class='ocr_line' id='line_1_26' title="bbox 244 2035 1421 2090; baseline 0.002 -14"><span class='ocrx_word' id='word_1_172' title='bbox 244 2036 344 2077; x_wconf 90' lang='grc' dir='ltr'><strong>Μοε</strong></span> <span class='ocrx_word' id='word_1_173' title='bbox 365 2042 459 2077; x_wconf 86' lang='lat' dir='ltr'><strong>erat</strong></span> <span class='ocrx_word' id='word_1_174' title='bbox 483 2035 567 2077; x_wconf 87' lang='lat' dir='ltr'><strong>hac</strong></span> <span class='ocrx_word' id='word_1_175' title='bbox 590 2035 720 2077; x_wconf 90' lang='lat' dir='ltr'><strong>nobis</strong></span> <span class='ocrx_word' id='word_1_176' title='bbox 742 2036 953 2090; x_wconf 87' lang='lat' dir='ltr'><strong>praedam</strong></span> <span class='ocrx_word' id='word_1_177' title='bbox 978 2036 1223 2085; x_wconf 90' lang='lat' dir='ltr'><strong>corradere,</strong></span> <span class='ocrx_word' id='word_1_178' title='bbox 1248 2042 1421 2090; x_wconf 91' lang='lat' dir='ltr'><strong>partem</strong></span> 
     </span>
     <span class='ocr_line' id='line_1_27' title="bbox 300 2103 1876 2158; baseline 0.001 -13"><span class='ocrx_word' id='word_1_179' title='bbox 300 2106 351 2145; x_wconf 91' lang='lat' dir='ltr'><strong>In</strong></span> <span class='ocrx_word' id='word_1_180' title='bbox 374 2104 594 2146; x_wconf 86' lang='lat' dir='ltr'><strong>decimam</strong></span> <span class='ocrx_word' id='word_1_181' title='bbox 622 2110 804 2146; x_wconf 88' lang='lat' dir='ltr'><strong>sanctas</strong></span> <span class='ocrx_word' id='word_1_182' title='bbox 830 2103 979 2146; x_wconf 87' lang='lat' dir='ltr'><strong>intulit</strong></span> <span class='ocrx_word' id='word_1_183' title='bbox 1002 2103 1075 2145; x_wconf 92' lang='lat' dir='ltr'><strong>ille</strong></span> <span class='ocrx_word' id='word_1_184' title='bbox 1099 2118 1270 2146; x_wconf 85' lang='lat' dir='ltr'><strong>manus.</strong></span> <span class='ocrx_word' id='word_1_185' title='bbox 1796 2116 1876 2158; x_wconf 91' lang='lat'><strong>150</strong></span> 
     </span>
     <span class='ocr_line' id='line_1_28' title="bbox 242 2172 1375 2227; baseline 0.001 -13"><span class='ocrx_word' id='word_1_186' title='bbox 242 2174 342 2214; x_wconf 93' lang='lat' dir='ltr'><strong>Hoc</strong></span> <span class='ocrx_word' id='word_1_187' title='bbox 365 2172 439 2215; x_wconf 90' lang='lat' dir='ltr'><strong>ubi</strong></span> <span class='ocrx_word' id='word_1_188' title='bbox 463 2172 688 2227; x_wconf 87' lang='lat' dir='ltr'><strong>displicuit</strong></span> <span class='ocrx_word' id='word_1_189' title='bbox 712 2174 976 2215; x_wconf 89' lang='lat' dir='ltr'><strong>demensum</strong></span> <span class='ocrx_word' id='word_1_190' title='bbox 1000 2173 1217 2227; x_wconf 82' lang='lat' dir='ltr'><strong>patribuS,</strong></span> <span class='ocrx_word' id='word_1_191' title='bbox 1242 2179 1375 2216; x_wconf 88' lang='lat' dir='ltr'><strong>aucta</strong></span> 
     </span>
     <span class='ocr_line' id='line_1_29' title="bbox 300 2241 1180 2296; baseline -0.001 -12"><span class='ocrx_word' id='word_1_192' title='bbox 300 2243 438 2284; x_wconf 89' lang='lat' dir='ltr'><strong>Sacra</strong></span> <span class='ocrx_word' id='word_1_193' title='bbox 462 2248 743 2296; x_wconf 85' lang='lat' dir='ltr'><strong>sequestrato</strong></span> <span class='ocrx_word' id='word_1_194' title='bbox 766 2241 888 2296; x_wconf 90' lang='lat' dir='ltr'><strong>pisce</strong></span> <span class='ocrx_word' id='word_1_195' title='bbox 911 2242 1060 2284; x_wconf 89' lang='lat' dir='ltr'><strong>culina</strong></span> <span class='ocrx_word' id='word_1_196' title='bbox 1082 2242 1180 2283; x_wconf 88' lang='lat' dir='ltr'><strong>fuit.</strong></span> 
     </span>
     <span class='ocr_line' id='line_1_30' title="bbox 242 2310 1306 2361; baseline 0 -9"><span class='ocrx_word' id='word_1_197' title='bbox 242 2310 453 2352; x_wconf 90' lang='lat' dir='ltr'><strong>Numinis</strong></span> <span class='ocrx_word' id='word_1_198' title='bbox 476 2310 671 2352; x_wconf 86' lang='lat' dir='ltr'><strong>edictum</strong></span> <span class='ocrx_word' id='word_1_199' title='bbox 696 2324 822 2352; x_wconf 84' lang='lat' dir='ltr'><strong>sacer</strong></span> <span class='ocrx_word' id='word_1_200' title='bbox 844 2311 951 2352; x_wconf 93' lang='lat' dir='ltr'><strong>ordo</strong></span> <span class='ocrx_word' id='word_1_201' title='bbox 972 2311 1193 2361; x_wconf 81' lang='lat' dir='ltr'><strong>refixerat,</strong></span> <span class='ocrx_word' id='word_1_202' title='bbox 1218 2325 1306 2352; x_wconf 93' lang='lat' dir='ltr'><strong>uno</strong></span> 
     </span>
     <span class='ocr_line' id='line_1_31' title="bbox 299 2379 1293 2433; baseline -0.001 -12"><span class='ocrx_word' id='word_1_203' title='bbox 299 2379 371 2421; x_wconf 87' lang='lat' dir='ltr'><strong>Sic</strong></span> <span class='ocrx_word' id='word_1_204' title='bbox 394 2385 610 2421; x_wconf 84' lang='lat' dir='ltr'><strong>renuente</strong></span> <span class='ocrx_word' id='word_1_205' title='bbox 636 2379 733 2421; x_wconf 94' lang='lat' dir='ltr'><strong>Deo</strong></span> <span class='ocrx_word' id='word_1_206' title='bbox 755 2379 838 2421; x_wconf 87' lang='lat' dir='ltr'><strong>fert</strong></span> <span class='ocrx_word' id='word_1_207' title='bbox 864 2379 989 2420; x_wconf 87' lang='lat' dir='ltr'><strong>Deus</strong></span> <span class='ocrx_word' id='word_1_208' title='bbox 1012 2379 1126 2421; x_wconf 87' lang='lat' dir='ltr'><strong>alter</strong></span> <span class='ocrx_word' id='word_1_209' title='bbox 1148 2394 1293 2433; x_wconf 83' lang='lat' dir='ltr'><strong>opem.</strong></span> 
     </span>
     <span class='ocr_line' id='line_1_32' title="bbox 241 2441 1360 2502; baseline 0 -13"><span class='ocrx_word' id='word_1_210' title='bbox 241 2448 408 2490; x_wconf 88' lang='lat' dir='ltr'><strong>Sancta</strong></span> <span class='ocrx_word' id='word_1_211' title='bbox 430 2441 588 2489; x_wconf 85' lang='lat' dir='ltr'><strong>cohors</strong></span> <span class='ocrx_word' id='word_1_212' title='bbox 612 2447 730 2489; x_wconf 90' lang='lat' dir='ltr'><strong>solos</strong></span> <span class='ocrx_word' id='word_1_213' title='bbox 752 2448 836 2490; x_wconf 92' lang='lat' dir='ltr'><strong>hac</strong></span> <span class='ocrx_word' id='word_1_214' title='bbox 859 2448 1020 2502; x_wconf 86' lang='lat' dir='ltr'><strong>pressit</strong></span> <span class='ocrx_word' id='word_1_215' title='bbox 1044 2448 1141 2502; x_wconf 85' lang='lat' dir='ltr'><strong>lege</strong></span> <span class='ocrx_word' id='word_1_216' title='bbox 1164 2448 1360 2498; x_wconf 90' lang='lat' dir='ltr'><strong>colonos,</strong></span> 
     </span>
     <span class='ocr_line' id='line_1_33' title="bbox 300 2516 1158 2571; baseline 0.001 -14"><span class='ocrx_word' id='word_1_217' title='bbox 300 2518 359 2557; x_wconf 86' lang='lat' dir='ltr'><strong>Et</strong></span> <span class='ocrx_word' id='word_1_218' title='bbox 381 2516 522 2558; x_wconf 89' lang='lat' dir='ltr'><strong>vetuit</strong></span> <span class='ocrx_word' id='word_1_219' title='bbox 546 2516 660 2559; x_wconf 89' lang='lat' dir='ltr'><strong>festa</strong></span> <span class='ocrx_word' id='word_1_220' title='bbox 683 2531 864 2571; x_wconf 86' lang='lat' dir='ltr'><strong>mugere</strong></span> <span class='ocrx_word' id='word_1_221' title='bbox 887 2517 985 2558; x_wconf 92' lang='lat' dir='ltr'><strong>luce</strong></span> <span class='ocrx_word' id='word_1_222' title='bbox 1009 2518 1158 2558; x_wconf 89' lang='lat' dir='ltr'><strong>boves.</strong></span> 
     </span>
     <span class='ocr_line' id='line_1_34' title="bbox 242 2584 1248 2640; baseline 0.001 -14"><span class='ocrx_word' id='word_1_223' title='bbox 242 2584 368 2626; x_wconf 90' lang='lat' dir='ltr'><strong>Illius</strong></span> <span class='ocrx_word' id='word_1_224' title='bbox 390 2585 591 2639; x_wconf 90' lang='lat' dir='ltr'><strong>imperio,</strong></span> <span class='ocrx_word' id='word_1_225' title='bbox 616 2585 808 2627; x_wconf 92' lang='lat' dir='ltr'><strong>multum</strong></span> <span class='ocrx_word' id='word_1_226' title='bbox 832 2585 1035 2640; x_wconf 82' lang='lat' dir='ltr'><strong>ringente</strong></span> <span class='ocrx_word' id='word_1_227' title='bbox 1058 2585 1248 2640; x_wconf 88' lang='lat' dir='ltr'><strong>popello,</strong></span> 
     </span>
     <span class='ocr_line' id='line_1_35' title="bbox 298 2653 1155 2709; baseline 0 -13"><span class='ocrx_word' id='word_1_228' title='bbox 298 2655 412 2696; x_wconf 90' lang='lat' dir='ltr'><strong>Sunt</strong></span> <span class='ocrx_word' id='word_1_229' title='bbox 435 2653 707 2709; x_wconf 89' lang='lat' dir='ltr'><strong>piscatorum</strong></span> <span class='ocrx_word' id='word_1_230' title='bbox 731 2654 845 2697; x_wconf 88' lang='lat' dir='ltr'><strong>colla</strong></span> <span class='ocrx_word' id='word_1_231' title='bbox 868 2654 1014 2697; x_wconf 88' lang='lat' dir='ltr'><strong>soluta</strong></span> <span class='ocrx_word' id='word_1_232' title='bbox 1037 2654 1155 2708; x_wconf 77' lang='lat' dir='ltr'><strong>iugo.</strong></span> 
     </span>
    </p>
   </div>
   <div class='ocr_carea' id='block_1_4' title="bbox 184 2833 1870 2932">
    <p class='ocr_par' dir='ltr' id='par_1_4' title="bbox 184 2833 1870 2932">
     <span class='ocr_line' id='line_1_36' title="bbox 184 2833 1507 2876; baseline 0.002 -12"><span class='ocrx_word' id='word_1_233' title='bbox 184 2843 254 2874; x_wconf 88' lang='lat'>134.</span> <span class='ocrx_word' id='word_1_234' title='bbox 278 2834 456 2876; x_wconf 87' lang='lat' dir='ltr'><strong>Falcigero</strong></span> <span class='ocrx_word' id='word_1_235' title='bbox 474 2835 577 2876; x_wconf 91' lang='lat' dir='ltr'><strong>De0.]</strong></span> <span class='ocrx_word' id='word_1_236' title='bbox 620 2834 688 2874; x_wconf 83' lang='lat' dir='ltr'><strong>i.e.‚</strong></span> <span class='ocrx_word' id='word_1_237' title='bbox 707 2836 843 2874; x_wconf 85' lang='lat' dir='ltr'><strong>Saturn‚</strong></span> <span class='ocrx_word' id='word_1_238' title='bbox 861 2841 897 2868; x_wconf 81' lang='lat' dir='ltr'><strong>to</strong></span> <span class='ocrx_word' id='word_1_239' title='bbox 913 2835 1027 2867; x_wconf 90' lang='lat' dir='ltr'><strong>whom</strong></span> <span class='ocrx_word' id='word_1_240' title='bbox 1046 2833 1215 2876; x_wconf 87' lang='lat' dir='ltr'><strong>Saturday</strong></span> <span class='ocrx_word' id='word_1_241' title='bbox 1230 2844 1302 2867; x_wconf 85' lang='lat' dir='ltr'><strong>was</strong></span> <span class='ocrx_word' id='word_1_242' title='bbox 1318 2833 1507 2866; x_wconf 85' lang='lat' dir='ltr'><strong>dedicated.</strong></span> 
     </span>
     <span class='ocr_line' id='line_1_37' title="bbox 185 2887 1870 2932; baseline 0 -13"><span class='ocrx_word' id='word_1_243' title='bbox 185 2897 255 2929; x_wconf 83' lang='lat'>147.</span> <span class='ocrx_word' id='word_1_244' title='bbox 282 2888 376 2920; x_wconf 89' lang='lat' dir='ltr'><strong>Sacri</strong></span> <span class='ocrx_word' id='word_1_245' title='bbox 393 2888 549 2929; x_wconf 67' lang='lat' dir='ltr'><strong>ordinis]</strong></span> <span class='ocrx_word' id='word_1_246' title='bbox 594 2889 669 2921; x_wconf 89' lang='lat' dir='ltr'><strong>The</strong></span> <span class='ocrx_word' id='word_1_247' title='bbox 685 2890 898 2930; x_wconf 90' lang='lat' dir='ltr'><strong>[Romanist]</strong></span> <span class='ocrx_word' id='word_1_248' title='bbox 914 2889 1038 2931; x_wconf 87' lang='lat' dir='ltr'><strong>clergy.</strong></span> <span class='ocrx_word' id='word_1_249' title='bbox 1087 2890 1126 2920; x_wconf 90' lang='lat' dir='ltr'><strong>In</strong></span> <span class='ocrx_word' id='word_1_250' title='bbox 1146 2889 1294 2930; x_wconf 88' lang='lat' dir='ltr'><strong>Mylne’s</strong></span> <span class='ocrx_word' id='word_1_251' title='bbox 1319 2888 1420 2920; x_wconf 78' lang='lat' dir='ltr'><strong>Lives</strong></span> <span class='ocrx_word' id='word_1_252' title='bbox 1435 2888 1479 2930; x_wconf 93' lang='lat' dir='ltr'><strong>of</strong></span> <span class='ocrx_word' id='word_1_253' title='bbox 1496 2888 1549 2920; x_wconf 80' lang='lat' dir='ltr'><strong>the</strong></span> <span class='ocrx_word' id='word_1_254' title='bbox 1565 2888 1709 2932; x_wconf 79' lang='lat' dir='ltr'><strong>Bishops</strong></span> <span class='ocrx_word' id='word_1_255' title='bbox 1724 2887 1766 2931; x_wconf 89' lang='lat' dir='ltr'><strong>os</strong></span> <span class='ocrx_word' id='word_1_256' title='bbox 1775 2889 1870 2920; x_wconf 87' lang='lat' dir='ltr'><strong>Dun-</strong></span> 
     </span>
    </p>
   </div>
   <div class='ocr_carea' id='block_1_5' title="bbox 33 2939 1145 2985">
    <p class='ocr_par' dir='ltr' id='par_1_5' title="bbox 33 2939 1145 2985">
     <span class='ocr_line' id='line_1_38' title="bbox 33 2939 1145 2985; baseline 0.004 -14"><span class='ocrx_word' id='word_1_257' title='bbox 33 2969 35 2983; x_wconf 48' lang='grc' dir='ltr'>Ι</span> <span class='ocrx_word' id='word_1_258' title='bbox 72 2939 145 2972; x_wconf 80' lang='lat' dir='ltr'><strong>keld</strong></span> <span class='ocrx_word' id='word_1_259' title='bbox 160 2942 310 2974; x_wconf 87' lang='lat' dir='ltr'><strong>mention</strong></span> <span class='ocrx_word' id='word_1_260' title='bbox 328 2943 356 2974; x_wconf 90' lang='lat' dir='ltr'><strong>is</strong></span> <span class='ocrx_word' id='word_1_261' title='bbox 373 2942 471 2975; x_wconf 87' lang='lat' dir='ltr'><strong>made</strong></span> <span class='ocrx_word' id='word_1_262' title='bbox 489 2943 527 2975; x_wconf 87' lang='lat' dir='ltr'><strong>of</strong></span> <span class='ocrx_word' id='word_1_263' title='bbox 539 2943 762 2985; x_wconf 82' lang='lat' dir='ltr'><strong>indulgences</strong></span> <span class='ocrx_word' id='word_1_264' title='bbox 779 2950 815 2976; x_wconf 91' lang='lat' dir='ltr'><strong>to</strong></span> <span class='ocrx_word' id='word_1_265' title='bbox 832 2943 895 2975; x_wconf 85' lang='lat' dir='ltr'><strong>fish</strong></span> <span class='ocrx_word' id='word_1_266' title='bbox 913 2954 957 2975; x_wconf 89' lang='lat' dir='ltr'><strong>on</strong></span> <span class='ocrx_word' id='word_1_267' title='bbox 976 2943 1145 2985; x_wconf 87' lang='lat' dir='ltr'><strong>Sundays.</strong></span> 
     </span>
    </p>
   </div>
   <div class='ocr_carea' id='block_1_6' title="bbox 954 2997 984 3031">
    <p class='ocr_par' dir='ltr' id='par_1_6' title="bbox 954 2997 984 3031">
     <span class='ocr_line' id='line_1_39' title="bbox 954 2997 984 3031; baseline 0 0"><span class='ocrx_word' id='word_1_268' title='bbox 954 2997 984 3031; x_wconf 92' lang='lat' dir='ltr'>U</span> 
     </span>
    </p>
   </div>
  </div>
 </body>
</html>
