2594 3749
512 335 575 366 TO
607 335 686 366 DR.
722 334 964 366 PONTICUS
997 334 1064 365 ΟΝ
1100 334 1419 366 MATRIMONY.

238 454 332 494 Nec
356 453 469 494 Cato
491 450 701 492 dedidicit
726 450 917 491 multum
941 451 1221 503 grandaevus
1244 465 1410 499 amare,

295 520 514 562 Romulea
538 519 743 574 quamvis
765 533 924 561 censor
945 519 989 560 in
1013 520 1118 560 urbe
1141 519 1267 559 foret.

236 590 417 631 Viribus
440 588 614 631 excellit
638 588 836 637 iuvenis;
870 594 1023 629 tamen
1046 602 1188 641 aequa
1211 588 1421 642 voluptas

297 659 378 699 Est
404 657 536 706 senis,
562 656 721 712 exiguo
744 658 849 698 dum
873 656 989 697 levat
1013 670 1145 697 amne
1169 655 1306 697 sitim.

238 727 343 768 Plus
365 741 500 781 quam
524 740 680 767 musca
702 725 811 767 bibit
835 731 961 766 stans
983 726 1037 766 ad
1062 724 1294 778 praesepia
1316 731 1487 774 taurus,

295 797 397 837 Non
420 802 571 837 tamen
595 801 727 849 epota
750 794 850 848 plus
873 794 1064 836 satiatur
1086 808 1218 848 aqua.

236 865 484 907 Commoda
508 863 543 905 si
567 862 757 917 quaeris,
781 869 825 904 te
848 862 1041 904 coniunx
1063 864 1165 904 dote
1187 861 1351 912 beabit,

295 934 353 974 Et
377 932 498 974 dabit
522 947 620 973 esse
641 932 801 981 virum,
825 931 973 973 forsan
998 938 1039 972 et
1064 945 1161 972 esse
1184 938 1372 985 patrem.

237 1003 379 1057 Saepe
402 1001 547 1056 pirum
570 1001 719 1043 vetulo
743 1001 863 1055 carpi
887 1001 941 1042 de
965 1000 1130 1054 stipite,
1156 1000 1244 1042 labi

295 1071 514 1114 Cautibus
537 1086 559 1112 e
583 1070 713 1113 siccis
736 1071 922 1112 flumina
947 1085 1080 1124 saepe
1103 1069 1241 1112 vides.

238 1143 403 1183 Lustra
427 1141 494 1182 bis
516 1147 616 1182 octo
640 1142 753 1183 Cato
776 1140 991 1190 recolens,
1018 1139 1260 1181 Masinissa
1284 1141 1456 1182 Catone

296 1210 441 1251 Maior
463 1209 622 1258 adhuc,
648 1209 770 1250 auxit
794 1209 915 1262 prole
937 1208 1107 1250 virente
1131 1210 1328 1250 domum.

239 1280 414 1321 Robore
441 1278 730 1333 praecellens,
757 1279 980 1332 Spartana
1008 1278 1118 1332 lege,
1144 1277 1352 1319 iuventus

296 1347 479 1402 Improli
501 1348 651 1389 vetulo
673 1347 785 1389 ferre
807 1354 986 1389 tenetur
1007 1361 1152 1401 opem.

238 1416 310 1459 Sic
332 1417 444 1458 freta
468 1431 569 1458 cum
593 1417 777 1465 fervent,
803 1416 1039 1457 adhibetur
1061 1416 1212 1458 navita
1235 1416 1376 1465 clavo,

297 1485 476 1527 Fortius
498 1484 741 1526 indomitas
764 1485 836 1538 qui
860 1492 954 1526 rate
978 1484 1105 1525 findit
1128 1499 1283 1538 aquas.

240 1555 312 1597 Sic
336 1554 410 1596 ubi
434 1561 560 1596 curta
583 1554 702 1596 domi
725 1568 795 1595 res
818 1560 962 1608 urget,
986 1569 1119 1608 saepe
1142 1554 1300 1596 colono

299 1623 488 1678 Pinguia
510 1624 759 1665 conductus
783 1623 963 1677 praedia
985 1630 1141 1665 taurus
1164 1630 1275 1665 arat.

241 1695 300 1735 Et
323 1708 441 1735 nunc
464 1707 600 1734 verna
621 1693 745 1743 fodit,
770 1707 888 1734 nunc
912 1692 1228 1742 mercenarius,
1254 1694 1448 1742 hortum,

297 1764 513 1805 Sudorem
538 1762 747 1804 dominus
769 1764 875 1804 dum
900 1762 1090 1804 tolerare
1115 1762 1283 1816 nequit.

240 1833 319 1874 Sat
344 1838 472 1885 putat
497 1831 584 1881 hic,
608 1838 762 1873 natam
786 1832 892 1873 dum
916 1838 1045 1885 cogat
1070 1831 1114 1872 in
1138 1831 1294 1872 horrea
1318 1846 1526 1881 messem,

299 1902 419 1942 Dum
443 1901 578 1954 legat,
603 1915 734 1942 omne
757 1915 866 1942 suus
890 1902 1006 1954 quod
1034 1900 1135 1941 tulit
1159 1900 1330 1950 hortus,
1355 1901 1469 1942 olus.

240 1970 382 2023 Saepe
405 1984 563 2023 graves
586 1984 712 2019 uvae,
738 1969 919 2011 domino
943 1975 1172 2019 stertente,
1197 1976 1474 2023 premuntur,

300 2038 540 2092 Mulgetur,
565 2038 689 2080 nullo
712 2038 912 2088 crimine,
937 2053 1070 2092 saepe
1093 2053 1244 2093 pecus.

243 2108 363 2149 Dum
388 2107 469 2149 sibi
494 2114 643 2150 musta
666 2107 820 2156 fiuant,
843 2109 949 2149 dum
974 2108 1115 2162 pressi
1139 2108 1267 2162 copia
1290 2107 1421 2150 lactis

301 2178 537 2231 Suppetat‚
562 2176 605 2217 in
629 2183 727 2218 tuto
749 2191 819 2218 res
841 2176 976 2218 herus
998 2191 1096 2218 esse
1120 2183 1263 2231 putat.

244 2245 459 2299 Coniugis
482 2259 664 2287 usuram
689 2245 848 2300 cupido
871 2245 1092 2287 concessit
1116 2246 1261 2287 amico

304 2315 405 2369 Ipse
429 2316 557 2364 Cato,
583 2329 757 2356 morum
782 2329 939 2357 censor
960 2321 1002 2356 et
1027 2314 1148 2357 urbis
1171 2315 1326 2357 honos.

247 2385 333 2426 Sed
355 2383 435 2425 tibi
458 2390 586 2438 turpe
608 2384 720 2426 foret
744 2384 948 2434 nimium,
974 2384 1036 2426 sic
1060 2398 1271 2438 quaerere
1293 2384 1477 2439 prolem,

304 2453 494 2507 Iungere
516 2460 703 2495 naturae
726 2453 799 2508 qui
827 2460 955 2508 potes
981 2453 1090 2495 artis
1116 2469 1243 2508 opus.

248 2523 369 2577 Quas
391 2522 472 2564 tibi
495 2522 680 2573 radices,
705 2537 819 2577 quas
841 2537 929 2565 non
952 2523 1033 2565 tibi
1056 2523 1238 2565 tradidit
1262 2523 1421 2566 herbas

305 2591 477 2642 Delius,
502 2591 546 2633 in
571 2591 759 2646 Grampi
783 2606 894 2646 quas
917 2592 1028 2646 legis
1051 2607 1190 2646 usque
1213 2591 1361 2647 iugis?

249 2660 349 2702 Hac
371 2675 453 2715 ope
476 2660 670 2703 restituit
694 2675 846 2703 socero
871 2662 1030 2703 Medea
1057 2661 1300 2711 iuventam,

306 2729 521 2783 Squalida
544 2745 645 2772 curn
668 2737 847 2784 praesto
870 2730 958 2772 iam
985 2730 1184 2772 Libitina
1206 2731 1333 2772 foret.

249 2798 349 2840 Hac
371 2814 453 2854 ope
475 2806 524 2842 tu
546 2799 719 2854 gelidae
740 2801 922 2842 tandem
947 2814 1153 2842 succurre
1176 2807 1397 2850 senectae,

304 2867 458 2922 Teque
480 2868 569 2910 tuis
591 2868 737 2911 bulbis
759 2869 1124 2923 graminibusque
1147 2869 1264 2910 iuva.

250 2937 360 2978 Fors
381 2937 461 2979 tibi
484 2952 572 2979 non
596 2945 739 2992 optas,
765 2938 935 2991 patriae
959 2940 1035 2980 sed
1059 2939 1243 2993 pignora
1269 2939 1416 2989 debes,

1790 338 1869 380 173

1811 533 1866 574 90

1789 1221 1869 1250 100

1793 1913 1874 1943 110

1797 2604 1878 2635 120
