2594 3749
691 307 773 349 216

1464 312 1703 345 PARERGA.

777 831 993 874 XXXIV.
1037 829 1119 870 AD
1156 826 1528 870 ILLUSTREM
1569 827 1864 870 COMITEM
1907 828 1993 869 DE
2032 826 2401 876 PEMBROCH,

1140 909 1226 950 DE
1261 908 1383 950 SUO
1419 908 1482 948 IN
1519 908 1738 951 AULAM
1775 906 2041 950 REDITU.

867 1049 940 1091 Me
963 1061 1077 1097 mea,
1103 1043 1381 1095 Pembroehi,
1405 1058 1581 1099 semper
1600 1058 1730 1100 vaga,
1754 1059 1906 1087 rursus
1929 1043 1973 1087 in
1996 1044 2144 1087 aulam

923 1118 1029 1159 Sors
1051 1115 1203 1164 trahit,
1227 1121 1270 1156 et
1294 1114 1477 1156 dubium
1502 1129 1579 1169 per
1601 1129 1722 1156 mare
1744 1115 1842 1157 vela
1864 1115 1968 1157 fero.

866 1188 990 1242 Quae
1013 1199 1129 1234 seco,
1153 1184 1286 1238 longa
1309 1183 1442 1224 nimis
1464 1190 1583 1234 sunt,
1608 1191 1650 1225 et
1674 1186 1915 1226 metuenda
1937 1183 2113 1239 periclis

922 1256 1140 1308 Aequora,
1164 1267 1244 1294 nec
1267 1251 1391 1294 tenui
1414 1252 1697 1294 sollicitanda
1718 1254 1858 1295 trabe.

864 1325 1051 1366 Aestuat
1075 1322 1145 1363 hic
1167 1327 1330 1370 vortex
1354 1320 1498 1362 socios
1521 1320 1594 1375 qui
1618 1321 1781 1376 sorpsit
1807 1320 1999 1376 Ulyssis‚

924 1394 1049 1449 Quae
1070 1397 1197 1433 vorat
1219 1390 1384 1432 eiectas
1406 1389 1501 1432 dira
1524 1390 1773 1445 Charybdis
1795 1405 1949 1445 aquas.

867 1461 954 1504 Hic
977 1460 1126 1503 brevia
1147 1467 1190 1501 et
1215 1460 1383 1514 Syrtes,
1407 1458 1478 1501 hic
1502 1459 1828 1501 Acroceraunia
1858 1459 2013 1508 cernis,

925 1532 984 1572 Et
1008 1536 1114 1585 quot
1137 1529 1272 1570 habet
1295 1542 1452 1570 saevos
1475 1543 1609 1571 rauca
1634 1528 1781 1571 Malea
1803 1528 1943 1571 sinus.

865 1600 1039 1655 Aspicis
1062 1598 1236 1642 Acestis
1259 1598 1476 1653 scopulos,
1500 1605 1543 1640 et
1566 1598 1713 1653 gentis
1735 1598 1931 1641 Achivae

923 1671 1044 1712 Ausa
1066 1668 1360 1722 triumphales
1381 1667 1583 1722 frangere
1605 1682 1712 1710 saxa
1734 1674 1867 1710 rates.

866 1740 980 1782 Sunt
1003 1752 1176 1793 quoque
1200 1736 1406 1780 Sirenum
1430 1743 1600 1787 cautes,
1624 1736 1783 1792 quibus
1810 1735 1950 1779 inscia
1976 1735 2138 1792 puppis

927 1809 1108 1856 Haeret,
1131 1814 1174 1849 et
1197 1807 1279 1848 has
1301 1806 1417 1848 inter
1437 1805 1564 1848 dulce
1587 1806 1727 1861 perire
1750 1813 1893 1861 putat.

867 1877 948 1926 Ah,
971 1882 1077 1931 quot
1100 1875 1144 1917 in
1167 1876 1250 1918 hoc
1273 1875 1432 1931 pelago
1454 1875 1647 1917 iactatur
1668 1875 1879 1918 fluctibus
1902 1875 2057 1917 alnus!

926 1948 1044 2002 Quot
1067 1944 1237 2000 rapitur
1257 1944 1418 1994 ventis,
1443 1945 1547 1986 dum
1571 1945 1683 1986 freta
1705 1950 1834 1986 vasta
1856 1944 2003 1986 secat!

871 2017 921 2058 In
945 2015 1152 2070 scopulos
1174 2028 1292 2056 nunc
1317 2015 1466 2056 Eurus
1489 2021 1628 2063 atrOX‚
1653 2028 1771 2056 nunc
1794 2013 1969 2055 Africus
1992 2019 2117 2067 urget
2136 2027 2145 2062 ;

924 2083 1121 2126 Turbine
1144 2097 1262 2125 nunc
1285 2082 1458 2137 Aquilo,
1483 2097 1600 2124 nunc
1626 2084 1773 2124 Notus
1795 2082 1936 2124 imbre
1960 2081 2120 2136 quatit.

871 2155 993 2196 Inter
1014 2160 1057 2195 et
1080 2152 1258 2195 Aeolios
1279 2152 1431 2195 videas
1453 2152 1544 2194 sera
1567 2152 1732 2206 proelia
1753 2152 1926 2201 fratres,

928 2224 1023 2265 Nec
1045 2222 1128 2264 scit
1151 2221 1221 2264 cui
1245 2221 1425 2263 domino
1447 2227 1598 2275 pareat
1622 2222 1740 2263 unda
1768 2220 1918 2262 maris.

870 2292 1012 2346 Saepe
1034 2298 1188 2339 ratem,
1209 2290 1325 2333 votis
1347 2289 1551 2344 aspirans
1573 2304 1681 2331 aura
1705 2288 1875 2332 Favoni

929 2362 1049 2403 Dum
1073 2360 1173 2411 ciet,
1197 2361 1429 2402 adversam
1453 2359 1625 2401 nubifer
1648 2360 1797 2400 Eurus
1819 2357 1927 2413 agit.

870 2431 1014 2484 Saepe
1035 2429 1189 2471 favens
1211 2435 1368 2483 coepto
1390 2442 1584 2483 puppem
1608 2429 1713 2470 dum
1737 2426 1940 2481 provehit
1963 2426 2137 2474 Auster,

929 2500 1099 2541 Saevus
1124 2499 1414 2554 Hyperboreo
1436 2504 1596 2539 ventus
1619 2498 1674 2539 ab
1696 2510 1776 2539 axe
1799 2495 1897 2538 ruit.

871 2569 1014 2622 Saepe
1036 2567 1174 2618 vides,
1198 2568 1303 2609 dum
1326 2567 1425 2609 vela
1446 2566 1598 2620 legens
1620 2566 1738 2608 subit
1761 2565 1876 2607 ostia
1899 2564 2041 2619 pinus

932 2637 1106 2678 Rursus
1128 2635 1172 2677 in
1197 2637 1444 2686 Oceanum,
1469 2637 1586 2678 nube
1609 2642 1852 2690 premente,
1876 2634 1983 2689 rapi.

873 2706 942 2747 Ah
965 2712 1071 2759 quot
1095 2705 1138 2746 in
1162 2705 1245 2747 hoc
1268 2711 1468 2760 pereunt,
1493 2706 1608 2759 quod
1631 2704 1854 2753 findimus,
1876 2717 2081 2758 aequore,
2105 2716 2285 2757 puppes,

932 2774 1082 2817 Sidere
1105 2788 1241 2829 quum
1266 2774 1392 2816 laevo
1412 2773 1510 2816 vela
1533 2774 1715 2816 sinistra
1735 2773 1880 2816 ferunt
1899 2773 1906 2814 !

1285 2922 1332 2953 ¹7·
1358 2911 1496 2944 Aeolios
1514 2911 1658 2952 fratres.]
1705 2910 1779 2943 The
1795 2909 1914 2942 winds.

2441 1660 2549 1710 10³
