2594 3749
185 2882 198 2903 1
206 2882 254 2913 19.
280 2873 395 2905 Mores
413 2874 582 2914 Catonis]

436 317 802 351 L‘IOGRAPHICAL
836 316 1036 350 EPISTLE
1068 319 1132 352 TO
1165 318 1532 354 WEDDERBURN.

250 436 420 493 Quinta
444 435 715 480 Caledoniae
738 450 809 478 me
832 450 985 478 rursus
1007 435 1229 491 olympias
1250 452 1353 480 orae

309 505 517 548 Reddidit
541 505 737 555 effetum,
761 504 1116 559 dissimilemque
1138 505 1241 547 mei.

250 574 450 618 Numina
472 574 560 616 iam
583 574 730 616 decies
753 581 795 616 et
819 580 886 616 ter
906 574 1049 616 fecere
1071 581 1318 628 parentem,

307 643 499 699 Pignora
521 657 599 685 sex
622 650 850 698 superant,
875 649 1023 685 cetera
1048 644 1181 685 turba
1207 643 1304 685 fuit.

250 713 330 755 Bis
352 712 461 754 mihi
486 711 700 766 quaesivi,
724 726 806 754 nec
830 713 886 754 ab
908 725 998 753 una
1023 719 1169 765 gente,
1196 712 1420 763 maritam,

307 781 385 823 Bis
409 781 615 831 coniunx,
640 780 707 822 bis
729 780 818 822 iam
843 795 913 822 me
936 794 1033 822 reor
1055 795 1152 822 esse
1175 795 1342 823 senem.

248 849 312 891 Te
336 864 523 904 quoque,
549 849 622 904 qui
647 849 818 904 patriae
839 849 1000 891 vovisti
1022 856 1226 904 tempora
1248 849 1381 900 vitae,

307 920 359 960 In
383 918 553 973 patriae
575 917 703 960 video
726 917 1014 960 consenuisse
1038 917 1154 959 sinu.

247 986 426 1029 Scilicet
449 987 560 1028 haec
582 985 786 1028 homines
810 1000 905 1028 sors
928 992 1070 1041 urget,
1095 993 1142 1028 ut
1165 986 1374 1030 omnibus
1397 1003 1538 1043 aeque

304 1056 502 1110 Obrepat
525 1055 664 1097 tacito
687 1069 822 1097 curva
849 1062 1031 1096 senecta
1059 1056 1186 1110 pede.

249 1123 426 1166 Differri
450 1139 568 1166 mors
591 1123 688 1178 ipsa
710 1131 872 1179 potest,
897 1131 939 1166 et
963 1124 1121 1166 tetrica
1144 1139 1278 1180 saepe

306 1192 506 1235 Sustinet
530 1200 750 1234 armatam
778 1194 918 1235 Parca
941 1200 1096 1235 coacta
1121 1208 1319 1235 manum.

250 1261 336 1303 Hei
361 1261 484 1311 mihi,
509 1268 687 1316 tempus
711 1263 823 1303 edax
845 1262 968 1303 nullo
991 1261 1301 1312 medicamine,
1327 1263 1448 1305 nulla

303 1331 409 1371 Arte
431 1330 643 1372 retardari
669 1332 778 1372 dura
802 1338 982 1372 senecta
1005 1338 1167 1385 potest.

248 1399 342 1440 Nec
365 1406 515 1440 tamen
539 1399 676 1440 aetati
699 1401 861 1441 desunt
884 1399 1045 1441 solatia
1069 1414 1207 1450 serae,

306 1469 519 1522 Quaeque
544 1482 672 1509 senes
694 1468 904 1522 patimur,
929 1474 1033 1509 sunt
1057 1468 1175 1509 mala
1198 1468 1350 1510 iuncta
1373 1469 1512 1511 bonis.

246 1537 392 1591 Quam
416 1550 588 1589 queror,
613 1543 808 1578 aetatem
833 1537 982 1578 confer
1004 1536 1270 1579 iuvenilibus
1293 1537 1436 1588 annis,

304 1605 377 1646 Nil
402 1605 589 1654 iuvenis,
615 1620 701 1659 quo
724 1620 770 1647 se
793 1620 898 1660 prae
922 1620 1026 1646 sene
1050 1606 1200 1656 iactet,
1225 1607 1375 1649 habet.

246 1675 347 1715 Non
371 1674 534 1729 legitur
555 1682 739 1716 sanctus
762 1675 972 1716 iuvenum
997 1676 1049 1716 de
1071 1675 1177 1717 flore
1202 1677 1422 1726 Senatus;

301 1742 453 1785 Turba
477 1745 745 1785 Senatorum
770 1744 830 1784 nil
856 1744 939 1785 nisi
964 1745 1093 1786 turba
1117 1759 1275 1787 senum
1299 1752 1381 1787 est.

246 1812 344 1854 Mos
367 1820 409 1854 et
433 1819 541 1862 erat,
567 1812 702 1867 capiti
727 1812 910 1854 iuvenes
933 1827 1166 1867 assurgere
1190 1828 1317 1864 cano,

303 1881 429 1922 Illius
452 1888 494 1923 et
518 1881 638 1936 leges
661 1881 988 1936 imperiumque
1011 1882 1119 1936 pati.

245 1951 308 1993 Ut
331 1951 440 1992 tuba
459 1951 699 2000 concinuit,
726 1951 908 1993 iuvenes
932 1959 1152 2006 coguntur
1175 1951 1218 1993 in
1241 1952 1417 1995 hostem

302 2020 504 2069 Ducere3
538 2020 606 2062 fas
629 2020 810 2062 senibus
834 2020 1064 2062 delituisse
1087 2020 1222 2062 domi.

244 2088 372 2130 Bella
395 2097 553 2143 gerunt
578 2089 775 2140 iuvenes,
800 2096 843 2131 et
870 2091 1066 2144 gaudent
1091 2091 1219 2132 hoste
1243 2099 1475 2146 perempto

301 2157 429 2199 Bella
452 2172 581 2200 senes
605 2165 869 2209 memorant,
896 2166 938 2201 et
962 2174 1209 2201 memorare
1233 2160 1370 2202 iuvat.

244 2225 289 2268 Si
314 2241 401 2280 qua
423 2227 572 2280 puella
596 2227 720 2282 petit,
746 2227 893 2269 iuveni
917 2229 1032 2281 quod
1055 2235 1183 2282 turpe
1207 2243 1368 2283 negare
1391 2236 1472 2279 est,

302 2296 400 2337 Hos
424 2297 701 2338 excusabunt
724 2303 927 2351 tempora
950 2304 1069 2338 tecta
1093 2297 1207 2339 nive.

243 2362 360 2405 Vina
383 2371 543 2406 nocent
567 2364 740 2406 iuveni:
776 2380 922 2407 mores
945 2365 1121 2407 imitata
1144 2366 1331 2408 Catonis

300 2433 357 2474 Se
380 2433 520 2475 reficit
543 2440 724 2488 sumpto
751 2434 869 2476 sicca
897 2441 1077 2476 senecta
1105 2449 1240 2476 mero.

243 2500 289 2543 Si
312 2501 380 2543 vel
405 2516 539 2556 parca
562 2516 737 2552 manus,
762 2503 909 2545 iuveni
932 2503 1000 2545 vel
1025 2504 1182 2546 tetrica
1206 2504 1325 2545 frons
1349 2512 1431 2555 est,

302 2570 479 2625 Lingua
500 2570 569 2613 vel
593 2571 783 2621 effrenis,
808 2587 939 2614 nemo
963 2574 1118 2614 decere
1142 2580 1286 2627 putat.

242 2637 392 2693 Turpe
415 2639 509 2681 seni
532 2654 619 2681 non
643 2647 709 2682 est
734 2641 906 2682 lucrum
930 2648 1125 2696 captare,
1150 2656 1230 2684 nec
1254 2641 1317 2683 uti

301 2707 500 2750 Moribus
523 2709 728 2760 austeris,
752 2710 819 2751 vel
845 2710 940 2752 sine
963 2711 1049 2752 fine
1073 2710 1207 2764 loqui.

942 2989 998 3018 13ss

630 2875 794 2917 AlludIng
814 2883 849 2907 to
872 2876 1007 2907 Horace
1032 2886 1069 2907 as
1094 2882 1128 2908 to
1154 2875 1285 2918 “prisci
1312 2876 1452 2909 Catonis
1475 2876 1582 2908 virtus

1803 320 1881 367 193

1801 1072 1880 1100 100

1800 1761 1878 1790 110

1594 2877 1786 2915 ''——Carm.,
1805 2879 1871 2911 ΙΙΙ.
