2594 3749
706 343 971 375 BOHEMIAN
1007 343 1280 377 STRUGGLE.
1841 337 1892 377 61

329 460 414 516 Qui
438 459 618 502 domino
640 466 722 509 est,
747 459 917 514 patriae
939 460 1084 509 turbo,
1108 459 1236 502 ruina
1260 459 1413 502 sacris.

270 530 399 571 Vana
421 529 555 570 nimis
577 543 679 584 spes
701 529 836 578 haec;
869 528 930 569 illi
957 528 1214 583 praecordia
1241 528 1382 571 maior

328 599 446 640 Cura
467 599 618 639 domat
637 613 646 639 ε
680 603 784 639 sunt
807 596 896 639 iam
919 596 1034 639 bella
1055 597 1247 651 gerenda
1269 597 1404 638 domi.

275 669 399 709 Intra
421 674 582 716 castra,
606 681 711 708 suas
733 666 850 708 intra
871 665 943 708 vix
964 665 1035 707 ille
1058 665 1242 720 paludes

327 735 474 777 Tutus
496 736 551 777 ab
573 735 807 790 indigenae
834 734 989 776 militis
1015 748 1121 776 ense
1142 734 1266 776 latet.
1819 749 1898 789 170

270 807 379 848 Pars
401 804 552 859 populi
576 803 765 859 spoliata
787 803 925 846 sacris
947 803 1236 857 ducibusque,
1260 803 1457 845 tumultu

328 876 425 916 Iam
448 873 609 923 fremit,
634 880 675 915 et
699 873 820 915 reddi
844 887 970 915 sacra
992 874 1215 927 ducesque
1237 872 1363 927 petit.

270 944 363 985 Nec
385 948 562 984 tantum
586 941 705 983 hunc
728 941 930 996 proprius
952 948 1107 984 contra
1134 947 1223 983 stat
1246 940 1374 982 miles
1397 940 1440 981 in
1464 940 1614 991 armis,

328 1011 472 1053 Maior
493 1011 547 1053 ab
570 1017 752 1053 externo
774 1010 849 1065 qui
871 1010 991 1052 venit
1014 1011 1142 1052 hoste
1165 1017 1327 1052 metus.

270 1081 418 1123 Poscit
443 1081 545 1122 Iber
566 1095 758 1135 poenas:
791 1080 880 1122 sors
902 1087 945 1122 et
970 1081 1063 1122 Leo
1085 1080 1233 1134 iungis
1257 1080 1386 1122 Ibero

326 1149 543 1204 Agmina:
577 1163 692 1191 noxa
713 1163 882 1199 recens,
905 1149 1090 1191 fulmine
1112 1149 1247 1203 digna
1272 1156 1365 1190 tuo.

269 1219 356 1260 Sed
378 1224 556 1272 praesto
578 1217 646 1259 fac
669 1232 766 1259 esse
787 1217 930 1260 viros:
964 1218 1032 1259 fac
1056 1217 1216 1259 militet
1239 1217 1385 1258 omnis

328 1287 535 1340 Europae
558 1293 692 1340 atque
714 1285 847 1327 Asiae
868 1285 951 1327 flo‘s
971 1285 1079 1327 tibi:
1113 1286 1272 1327 ductor
1296 1284 1369 1327 ubi
1392 1285 1493 1326 est?

270 1357 410 1405 Haec,
434 1355 595 1397 iterum
619 1369 782 1409 magno
804 1354 840 1396 si
862 1354 955 1396 vita
977 1355 1157 1397 daretur
1177 1353 1354 1404 Achilli,

326 1426 482 1466 Posset
505 1424 728 1466 Achilleas
749 1438 855 1466 cura
876 1425 1029 1466 decere
1056 1438 1232 1465 manus.
1818 1423 1898 1464 180

270 1494 366 1535 Ista
387 1500 507 1542 tuus,
533 1493 606 1547 qui
630 1508 676 1535 se
698 1507 846 1547 regem
870 1492 1071 1542 miratur,
1095 1491 1264 1533 Adonis

327 1563 482 1605 Munia
504 1562 575 1604 vix
597 1562 712 1604 inter
733 1568 884 1617 posset
907 1561 1026 1603 obire
1050 1561 1264 1616 Phryges.

268 1632 404 1674 Arma
425 1639 580 1686 gerant
603 1631 703 1673 alii:
737 1631 811 1686 qui
833 1638 1011 1673 tantum
1035 1637 1182 1672 castra
1209 1636 1424 1684 sequutus

326 1700 564 1750 Aonidum,
588 1699 690 1742 huic
715 1699 883 1741 Phoebi
907 1698 1104 1741 barbitos
1126 1706 1232 1754 apta
1254 1698 1412 1753 magis.

270 1770 357 1811 His
380 1769 551 1812 utinam
575 1768 758 1810 monitis
779 1775 928 1823 posset
951 1767 1207 1810 mollescere
1230 1774 1398 1816 cautes,

326 1840 426 1894 Qua
446 1838 541 1888 tibi,
566 1838 602 1879 si
626 1839 741 1892 quod
765 1837 917 1887 habes,
942 1851 1030 1886 cor,
1056 1836 1257 1886 Biomea,
1282 1835 1408 1889 riget.

269 1909 371 1950 Non
392 1907 473 1951 tibi
497 1907 671 1950 succisa
694 1913 939 1949 moreretur
960 1906 1119 1948 messis
1137 1906 1180 1947 in
1204 1906 1364 1953 herba;

327 1977 421 2019 Nec
443 1983 616 2031 raperet
639 1990 789 2018 sacros
811 1975 950 2030 impia
971 1975 1155 2017 flamma
1176 1974 1306 2016 lares.

270 2046 507 2088 Fecundus
530 2045 610 2087 soli
633 2044 813 2087 domino
835 2043 1018 2086 serviret
1041 2042 1237 2097 agellus;

327 2115 386 2156 Et
408 2114 610 2169 fugerent
634 2112 750 2155 solos
773 2112 943 2154 hoedus
964 2119 1007 2154 et
1030 2126 1146 2166 agna
1168 2111 1311 2166 lupos,
1819 2122 1898 2164 190

269 2184 363 2225 Nec
385 2183 494 2225 tuba
514 2181 583 2224 vel
605 2196 770 2224 coenae
792 2181 860 2223 vel
883 2180 1028 2223 somni
1051 2187 1275 2235 rumperet
1298 2179 1457 2228 horas;

327 2253 421 2294 Nec
443 2265 665 2307 premeres
686 2252 796 2293 dura
818 2250 990 2292 casside
1012 2248 1143 2291 molle
1173 2255 1322 2303 caput.

269 2319 469 2374 Coniuge
491 2333 576 2369 me,
601 2333 756 2361 secura
778 2317 897 2368 mali,
922 2331 1077 2360 secura
1099 2316 1263 2371 pericli,

325 2388 617 2443 Transigeres
639 2387 795 2442 longos
817 2394 860 2429 et
883 2386 978 2429 sine
1001 2387 1117 2429 nube
1139 2385 1246 2428 dies.

271 2459 357 2500 Sed
380 2457 416 2499 si
439 2459 548 2500 dura
569 2456 650 2499 tibi
672 2471 760 2498 non
783 2456 864 2506 vis,
888 2454 956 2498 vel
978 2469 1157 2510 parcere
1180 2453 1340 2504 nescis,

328 2526 375 2569 Si
398 2541 512 2580 quae
533 2525 644 2568 forte
666 2524 774 2567 colis
796 2524 995 2573 numina,
1020 2538 1150 2579 parce
1175 2523 1288 2564 Diis.

270 2595 459 2650 Relligio
481 2594 696 2637 comitata
717 2595 816 2644 fide,
840 2593 910 2635 cui
932 2600 1135 2648 tempora
1157 2592 1281 2634 canis

327 2666 506 2719 Sparsa,
530 2671 632 2706 tuos
655 2663 840 2718 supplex
861 2662 1053 2704 volvitur
1074 2669 1176 2703 ante
1200 2662 1347 2715 pedes,

213 2856 284 2888 175.
310 2847 385 2878 Iber
412 2871 420 2880 .
449 2870 456 2877 .
482 2870 490 2877 .
516 2847 618 2886 Le0.]
665 2844 780 2886 Spain,
807 2844 873 2883 i.e.‚
891 2844 1042 2882 Castile3
1067 2843 1134 2874 and
1152 2844 1258 2882 Leon,
1279 2842 1336 2873 the
1353 2842 1451 2873 latter
1469 2841 1512 2882 by
1529 2841 1684 2882 punning
1707 2839 1864 2870 allusion.

214 2901 284 2931 181.
308 2899 466 2940 Adonis]
518 2900 547 2930 A
561 2899 631 2941 jibe
649 2899 682 2930 in
699 2899 757 2930 the
773 2898 892 2930 mouth
910 2898 949 2929 of
961 2897 1099 2929 Austria
1115 2903 1149 2928 at
1166 2896 1224 2927 the
1242 2896 1377 2927 Elector
1396 2895 1560 2926 Palatine.

214 2955 284 2998 187.
310 2955 389 2986 Non
406 2954 466 2985 tibi
483 2955 645 2997 succisa.]
690 2953 774 2985 This
791 2954 920 2995 picture
937 2953 976 2985 os
987 2952 1135 2997 pastoral
1153 2951 1221 2983 and
1238 2950 1324 2982 rural
1342 2960 1446 2994 peace
1463 2949 1490 2980 is
1515 2949 1652 2992 perfect.
