<?xml version="1.0" encoding="UTF-8"?>
<!DOCTYPE html PUBLIC "-//W3C//DTD XHTML 1.0 Transitional//EN"
    "http://www.w3.org/TR/xhtml1/DTD/xhtml1-transitional.dtd">
<html xmlns="http://www.w3.org/1999/xhtml" xml:lang="en" lang="en">
 <head>
  <title>
</title>
<meta http-equiv="Content-Type" content="text/html;charset=utf-8" />
  <meta name='ocr-system' content='tesseract 3.04.00' />
  <meta name='ocr-capabilities' content='ocr_page ocr_carea ocr_par ocr_line ocrx_word'/>
</head>
<body>
  <div class='ocr_page' id='page_1' title='image "./musalatinaaberdo01gedduoft_0147.png"; bbox 0 0 2594 3749; ppageno 0'>
   <div class='ocr_carea' id='block_1_1' title="bbox 668 303 1912 350">
    <p class='ocr_par' dir='ltr' id='par_1_1' title="bbox 668 303 1912 350">
     <span class='ocr_line' id='line_1_1' title="bbox 668 303 1912 350; baseline 0.002 -15"><span class='ocrx_word' id='word_1_1' title='bbox 668 304 749 335; x_wconf 90' lang='lat' dir='ltr'>HIS</span> <span class='ocrx_word' id='word_1_2' title='bbox 781 303 1006 336; x_wconf 82' lang='lat' dir='ltr'>LAWSUIT</span> <span class='ocrx_word' id='word_1_3' title='bbox 1037 304 1100 335; x_wconf 91' lang='lat' dir='ltr'>AT</span> <span class='ocrx_word' id='word_1_4' title='bbox 1134 304 1367 336; x_wconf 88' lang='lat' dir='ltr'>MALINES.</span> <span class='ocrx_word' id='word_1_5' title='bbox 1831 309 1912 350; x_wconf 83' lang='lat'>109</span> 
     </span>
    </p>
   </div>
   <div class='ocr_carea' id='block_1_2' title="bbox 1 420 1922 3025">
    <p class='ocr_par' dir='ltr' id='par_1_2' title="bbox 1 420 1922 3025">
     <span class='ocr_line' id='line_1_2' title="bbox 284 420 1456 475; baseline -0.001 -12"><span class='ocrx_word' id='word_1_6' title='bbox 284 420 441 463; x_wconf 91' lang='lat' dir='ltr'>Militis</span> <span class='ocrx_word' id='word_1_7' title='bbox 466 420 536 462; x_wconf 91' lang='lat' dir='ltr'>hic</span> <span class='ocrx_word' id='word_1_8' title='bbox 559 420 656 462; x_wconf 87' lang='lat' dir='ltr'>duri</span> <span class='ocrx_word' id='word_1_9' title='bbox 679 421 839 463; x_wconf 92' lang='lat' dir='ltr'>domus</span> <span class='ocrx_word' id='word_1_10' title='bbox 861 427 954 469; x_wconf 83' lang='lat' dir='ltr'>est3</span> <span class='ocrx_word' id='word_1_11' title='bbox 989 422 1071 463; x_wconf 93' lang='lat' dir='ltr'>sub</span> <span class='ocrx_word' id='word_1_12' title='bbox 1095 420 1291 475; x_wconf 86' lang='lat' dir='ltr'><strong>principe</strong></span> <span class='ocrx_word' id='word_1_13' title='bbox 1315 435 1456 470; x_wconf 88' lang='lat' dir='ltr'>sacro,</span> 
     </span>
     <span class='ocr_line' id='line_1_3' title="bbox 345 488 1355 545; baseline -0.002 -13"><span class='ocrx_word' id='word_1_14' title='bbox 345 489 472 545; x_wconf 86' lang='lat' dir='ltr'>(Quis</span> <span class='ocrx_word' id='word_1_15' title='bbox 495 496 619 545; x_wconf 88' lang='lat' dir='ltr'>putet</span> <span class='ocrx_word' id='word_1_16' title='bbox 638 491 671 540; x_wconf 78' lang='lat'>?)</span> <span class='ocrx_word' id='word_1_17' title='bbox 698 488 769 531; x_wconf 91' lang='lat' dir='ltr'>hic</span> <span class='ocrx_word' id='word_1_18' title='bbox 792 489 920 531; x_wconf 91' lang='lat' dir='ltr'>miles</span> <span class='ocrx_word' id='word_1_19' title='bbox 942 488 1086 531; x_wconf 84' lang='lat' dir='ltr'>dicere</span> <span class='ocrx_word' id='word_1_20' title='bbox 1109 489 1205 531; x_wconf 91' lang='lat' dir='ltr'>iura</span> <span class='ocrx_word' id='word_1_21' title='bbox 1228 489 1355 531; x_wconf 90' lang='lat' dir='ltr'>solet.</span> 
     </span>
     <span class='ocr_line' id='line_1_4' title="bbox 282 557 1323 608; baseline -0.002 -8"><span class='ocrx_word' id='word_1_22' title='bbox 282 560 458 608; x_wconf 83' lang='lat' dir='ltr'><strong>Cetera,</strong></span> <span class='ocrx_word' id='word_1_23' title='bbox 482 560 535 601; x_wconf 90' lang='lat' dir='ltr'>de</span> <span class='ocrx_word' id='word_1_24' title='bbox 558 573 743 600; x_wconf 90' lang='lat' dir='ltr'>numero</span> <span class='ocrx_word' id='word_1_25' title='bbox 766 557 895 600; x_wconf 89' lang='lat' dir='ltr'>miles</span> <span class='ocrx_word' id='word_1_26' title='bbox 918 558 953 600; x_wconf 93' lang='lat' dir='ltr'>si</span> <span class='ocrx_word' id='word_1_27' title='bbox 977 557 1171 599; x_wconf 91' lang='lat' dir='ltr'>demitur</span> <span class='ocrx_word' id='word_1_28' title='bbox 1192 572 1323 607; x_wconf 89' lang='lat' dir='ltr'>unus,</span> 
     </span>
     <span class='ocr_line' id='line_1_5' title="bbox 343 626 1915 682; baseline -0.001 -12"><span class='ocrx_word' id='word_1_29' title='bbox 343 628 477 670; x_wconf 91' lang='lat' dir='ltr'>Culta</span> <span class='ocrx_word' id='word_1_30' title='bbox 499 627 610 670; x_wconf 89' lang='lat' dir='ltr'>satis</span> <span class='ocrx_word' id='word_1_31' title='bbox 631 642 741 682; x_wconf 89' lang='lat' dir='ltr'>gens</span> <span class='ocrx_word' id='word_1_32' title='bbox 764 633 846 677; x_wconf 91' lang='lat' dir='ltr'>est,</span> <span class='ocrx_word' id='word_1_33' title='bbox 871 633 913 669; x_wconf 91' lang='lat' dir='ltr'>et</span> <span class='ocrx_word' id='word_1_34' title='bbox 936 626 1116 681; x_wconf 87' lang='lat' dir='ltr'>pietatis</span> <span class='ocrx_word' id='word_1_35' title='bbox 1139 641 1311 668; x_wconf 88' lang='lat' dir='ltr'>amans.</span> <span class='ocrx_word' id='word_1_36' title='bbox 1861 639 1915 679; x_wconf 88' lang='lat'>30</span> 
     </span>
     <span class='ocr_line' id='line_1_6' title="bbox 286 695 1458 750; baseline -0.001 -12"><span class='ocrx_word' id='word_1_37' title='bbox 286 696 386 746; x_wconf 87' lang='lat' dir='ltr'>His,</span> <span class='ocrx_word' id='word_1_38' title='bbox 412 711 510 738; x_wconf 90' lang='lat' dir='ltr'>mea</span> <span class='ocrx_word' id='word_1_39' title='bbox 533 697 637 738; x_wconf 90' lang='lat' dir='ltr'>dum</span> <span class='ocrx_word' id='word_1_40' title='bbox 661 710 841 750; x_wconf 87' lang='lat' dir='ltr'>quaero,</span> <span class='ocrx_word' id='word_1_41' title='bbox 866 696 1055 738; x_wconf 81' lang='lat' dir='ltr'>succedo</span> <span class='ocrx_word' id='word_1_42' title='bbox 1079 695 1258 737; x_wconf 91' lang='lat' dir='ltr'>sedibus</span> <span class='ocrx_word' id='word_1_43' title='bbox 1281 695 1458 750; x_wconf 82' lang='lat' dir='ltr'><strong>hospes,</strong></span> 
     </span>
     <span class='ocr_line' id='line_1_7' title="bbox 344 765 1365 820; baseline -0.003 -12"><span class='ocrx_word' id='word_1_44' title='bbox 344 766 488 808; x_wconf 88' lang='lat' dir='ltr'>Sistor</span> <span class='ocrx_word' id='word_1_45' title='bbox 509 773 551 807; x_wconf 93' lang='lat' dir='ltr'>et</span> <span class='ocrx_word' id='word_1_46' title='bbox 577 765 874 820; x_wconf 88' lang='lat' dir='ltr'>Hamptiacas</span> <span class='ocrx_word' id='word_1_47' title='bbox 898 765 1087 807; x_wconf 82' lang='lat' dir='ltr'>creditor</span> <span class='ocrx_word' id='word_1_48' title='bbox 1108 771 1212 806; x_wconf 89' lang='lat' dir='ltr'>ante</span> <span class='ocrx_word' id='word_1_49' title='bbox 1234 765 1365 806; x_wconf 88' lang='lat' dir='ltr'>fores.</span> 
     </span>
     <span class='ocr_line' id='line_1_8' title="bbox 287 833 1688 890; baseline -0.001 -15"><span class='ocrx_word' id='word_1_50' title='bbox 287 836 413 890; x_wconf 86' lang='lat' dir='ltr'>Quod</span> <span class='ocrx_word' id='word_1_51' title='bbox 438 834 604 876; x_wconf 90' lang='lat' dir='ltr'>iustum</span> <span class='ocrx_word' id='word_1_52' title='bbox 628 841 710 884; x_wconf 90' lang='lat' dir='ltr'>est,</span> <span class='ocrx_word' id='word_1_53' title='bbox 735 835 852 888; x_wconf 92' lang='lat' dir='ltr'>quod</span> <span class='ocrx_word' id='word_1_54' title='bbox 876 833 1037 887; x_wconf 91' lang='lat' dir='ltr'>ubique</span> <span class='ocrx_word' id='word_1_55' title='bbox 1059 833 1176 883; x_wconf 91' lang='lat' dir='ltr'>licet,</span> <span class='ocrx_word' id='word_1_56' title='bbox 1201 848 1270 875; x_wconf 86' lang='lat' dir='ltr'>res</span> <span class='ocrx_word' id='word_1_57' title='bbox 1292 847 1473 888; x_wconf 86' lang='lat' dir='ltr'>poscere</span> <span class='ocrx_word' id='word_1_58' title='bbox 1496 839 1688 882; x_wconf 89' lang='lat' dir='ltr'>nostras,</span> 
     </span>
     <span class='ocr_line' id='line_1_9' title="bbox 346 901 1398 956; baseline -0.002 -12"><span class='ocrx_word' id='word_1_59' title='bbox 346 903 432 944; x_wconf 90' lang='lat' dir='ltr'>Hie</span> <span class='ocrx_word' id='word_1_60' title='bbox 456 917 644 956; x_wconf 90' lang='lat' dir='ltr'>quoque,</span> <span class='ocrx_word' id='word_1_61' title='bbox 669 903 885 952; x_wconf 81' lang='lat' dir='ltr'>dicebam,</span> <span class='ocrx_word' id='word_1_62' title='bbox 909 902 976 943; x_wconf 86' lang='lat' dir='ltr'>fas</span> <span class='ocrx_word' id='word_1_63' title='bbox 1000 901 1107 943; x_wconf 90' lang='lat' dir='ltr'>mihi</span> <span class='ocrx_word' id='word_1_64' title='bbox 1131 901 1279 943; x_wconf 79' lang='lat' dir='ltr'>forsan</span> <span class='ocrx_word' id='word_1_65' title='bbox 1303 901 1398 943; x_wconf 88' lang='lat' dir='ltr'>erit.</span> 
     </span>
     <span class='ocr_line' id='line_1_10' title="bbox 287 970 1457 1025; baseline -0.001 -12"><span class='ocrx_word' id='word_1_66' title='bbox 287 973 376 1014; x_wconf 89' lang='lat' dir='ltr'>Fas</span> <span class='ocrx_word' id='word_1_67' title='bbox 398 979 440 1013; x_wconf 94' lang='lat' dir='ltr'>et</span> <span class='ocrx_word' id='word_1_68' title='bbox 464 979 572 1021; x_wconf 86' lang='lat' dir='ltr'>erat,</span> <span class='ocrx_word' id='word_1_69' title='bbox 598 972 674 1013; x_wconf 92' lang='lat' dir='ltr'>sed</span> <span class='ocrx_word' id='word_1_70' title='bbox 697 971 815 1013; x_wconf 87' lang='lat' dir='ltr'>iusta</span> <span class='ocrx_word' id='word_1_71' title='bbox 836 971 979 1012; x_wconf 88' lang='lat' dir='ltr'>virum</span> <span class='ocrx_word' id='word_1_72' title='bbox 1003 972 1108 1012; x_wconf 92' lang='lat' dir='ltr'>dum</span> <span class='ocrx_word' id='word_1_73' title='bbox 1132 970 1281 1013; x_wconf 86' lang='lat' dir='ltr'>debita</span> <span class='ocrx_word' id='word_1_74' title='bbox 1308 984 1457 1025; x_wconf 87' lang='lat' dir='ltr'>posco,</span> 
     </span>
     <span class='ocr_line' id='line_1_11' title="bbox 344 1040 1314 1095; baseline -0.002 -12"><span class='ocrx_word' id='word_1_75' title='bbox 344 1043 514 1083; x_wconf 86' lang='lat' dir='ltr'>Saevus</span> <span class='ocrx_word' id='word_1_76' title='bbox 537 1041 766 1083; x_wconf 88' lang='lat' dir='ltr'>inaccessa</span> <span class='ocrx_word' id='word_1_77' title='bbox 790 1040 928 1095; x_wconf 79' lang='lat' dir='ltr'><strong>spirat</strong></span> <span class='ocrx_word' id='word_1_78' title='bbox 951 1042 1006 1083; x_wconf 87' lang='lat' dir='ltr'>ab</span> <span class='ocrx_word' id='word_1_79' title='bbox 1030 1055 1129 1082; x_wconf 89' lang='lat' dir='ltr'>arce</span> <span class='ocrx_word' id='word_1_80' title='bbox 1153 1040 1314 1082; x_wconf 87' lang='lat' dir='ltr'>minas.</span> 
     </span>
     <span class='ocr_line' id='line_1_12' title="bbox 288 1108 1503 1164; baseline -0.001 -13"><span class='ocrx_word' id='word_1_81' title='bbox 288 1111 418 1152; x_wconf 87' lang='lat' dir='ltr'>Mens</span> <span class='ocrx_word' id='word_1_82' title='bbox 441 1117 530 1152; x_wconf 90' lang='lat' dir='ltr'>stat</span> <span class='ocrx_word' id='word_1_83' title='bbox 554 1110 597 1151; x_wconf 92' lang='lat' dir='ltr'>in</span> <span class='ocrx_word' id='word_1_84' title='bbox 621 1110 856 1164; x_wconf 80' lang='lat' dir='ltr'>ambiguo;</span> <span class='ocrx_word' id='word_1_85' title='bbox 891 1110 995 1164; x_wconf 84' lang='lat' dir='ltr'>fuga</span> <span class='ocrx_word' id='word_1_86' title='bbox 1017 1110 1175 1164; x_wconf 90' lang='lat' dir='ltr'>turpis,</span> <span class='ocrx_word' id='word_1_87' title='bbox 1199 1110 1330 1164; x_wconf 92' lang='lat' dir='ltr'>plena</span> <span class='ocrx_word' id='word_1_88' title='bbox 1353 1108 1503 1163; x_wconf 90' lang='lat' dir='ltr'>pericli</span> 
     </span>
     <span class='ocr_line' id='line_1_13' title="bbox 1 1175 1481 1233; baseline -0.001 -12"><span class='ocrx_word' id='word_1_89' title='bbox 1 1175 6 1210; x_wconf 69' lang='grc' dir='ltr'>Ι</span> <span class='ocrx_word' id='word_1_90' title='bbox 345 1181 428 1220; x_wconf 91' lang='lat' dir='ltr'>Est</span> <span class='ocrx_word' id='word_1_91' title='bbox 452 1194 600 1228; x_wconf 89' lang='lat' dir='ltr'>mora;</span> <span class='ocrx_word' id='word_1_92' title='bbox 635 1194 764 1221; x_wconf 90' lang='lat' dir='ltr'>carus</span> <span class='ocrx_word' id='word_1_93' title='bbox 786 1179 942 1229; x_wconf 85' lang='lat' dir='ltr'><strong>honos,</strong></span> <span class='ocrx_word' id='word_1_94' title='bbox 968 1180 1044 1220; x_wconf 92' lang='lat' dir='ltr'>sed</span> <span class='ocrx_word' id='word_1_95' title='bbox 1067 1193 1196 1233; x_wconf 85' lang='lat' dir='ltr'>mage</span> <span class='ocrx_word' id='word_1_96' title='bbox 1220 1193 1322 1220; x_wconf 90' lang='lat' dir='ltr'>cara</span> <span class='ocrx_word' id='word_1_97' title='bbox 1345 1178 1481 1220; x_wconf 89' lang='lat' dir='ltr'>salus.</span> 
     </span>
     <span class='ocr_line' id='line_1_14' title="bbox 287 1246 1652 1302; baseline -0.001 -13"><span class='ocrx_word' id='word_1_98' title='bbox 287 1248 454 1290; x_wconf 87' lang='lat' dir='ltr'>Mentis</span> <span class='ocrx_word' id='word_1_99' title='bbox 477 1249 604 1302; x_wconf 91' lang='lat' dir='ltr'>inops</span> <span class='ocrx_word' id='word_1_100' title='bbox 627 1250 807 1290; x_wconf 87' lang='lat' dir='ltr'>tandem</span> <span class='ocrx_word' id='word_1_101' title='bbox 834 1248 955 1302; x_wconf 89' lang='lat' dir='ltr'>(quid</span> <span class='ocrx_word' id='word_1_102' title='bbox 979 1248 1097 1290; x_wconf 88' lang='lat' dir='ltr'>enim</span> <span class='ocrx_word' id='word_1_103' title='bbox 1122 1247 1360 1290; x_wconf 89' lang='lat' dir='ltr'>manifesta</span> <span class='ocrx_word' id='word_1_104' title='bbox 1383 1261 1597 1302; x_wconf 83' lang='lat' dir='ltr'>negemus</span> <span class='ocrx_word' id='word_1_105' title='bbox 1617 1246 1652 1296; x_wconf 71' lang='grc' dir='ltr'>Ρ)</span> 
     </span>
     <span class='ocr_line' id='line_1_15' title="bbox 345 1317 1918 1372; baseline -0.003 -12"><span class='ocrx_word' id='word_1_106' title='bbox 345 1318 569 1360; x_wconf 87' lang='lat' dir='ltr'>Subtraho</span> <span class='ocrx_word' id='word_1_107' title='bbox 592 1333 662 1360; x_wconf 91' lang='lat' dir='ltr'>me</span> <span class='ocrx_word' id='word_1_108' title='bbox 685 1333 840 1368; x_wconf 82' lang='lat' dir='ltr'><strong>noxae,</strong></span> <span class='ocrx_word' id='word_1_109' title='bbox 866 1317 1141 1372; x_wconf 90' lang='lat' dir='ltr'>corripioque</span> <span class='ocrx_word' id='word_1_110' title='bbox 1170 1317 1338 1371; x_wconf 85' lang='lat' dir='ltr'>fugam.</span> <span class='ocrx_word' id='word_1_111' title='bbox 1862 1327 1918 1369; x_wconf 89' lang='lat'>40</span> 
     </span>
     <span class='ocr_line' id='line_1_16' title="bbox 291 1386 1488 1442; baseline 0 -15"><span class='ocrx_word' id='word_1_112' title='bbox 291 1387 364 1428; x_wconf 90' lang='lat' dir='ltr'>Sic</span> <span class='ocrx_word' id='word_1_113' title='bbox 390 1387 509 1429; x_wconf 85' lang='lat' dir='ltr'>Iovis</span> <span class='ocrx_word' id='word_1_114' title='bbox 531 1387 800 1442; x_wconf 86' lang='lat' dir='ltr'>armigerum</span> <span class='ocrx_word' id='word_1_115' title='bbox 824 1401 970 1441; x_wconf 90' lang='lat' dir='ltr'>penna</span> <span class='ocrx_word' id='word_1_116' title='bbox 993 1386 1244 1440; x_wconf 83' lang='lat' dir='ltr'>trepidante</span> <span class='ocrx_word' id='word_1_117' title='bbox 1266 1386 1488 1435; x_wconf 90' lang='lat' dir='ltr'>columba,</span> 
     </span>
     <span class='ocr_line' id='line_1_17' title="bbox 343 1455 1381 1511; baseline -0.001 -14"><span class='ocrx_word' id='word_1_118' title='bbox 343 1455 519 1498; x_wconf 85' lang='lat' dir='ltr'>Territa</span> <span class='ocrx_word' id='word_1_119' title='bbox 541 1463 830 1511; x_wconf 89' lang='lat' dir='ltr'>conspectum</span> <span class='ocrx_word' id='word_1_120' title='bbox 855 1456 917 1498; x_wconf 90' lang='lat' dir='ltr'>sic</span> <span class='ocrx_word' id='word_1_121' title='bbox 939 1455 1050 1509; x_wconf 84' lang='lat' dir='ltr'>fugit</span> <span class='ocrx_word' id='word_1_122' title='bbox 1073 1470 1190 1510; x_wconf 87' lang='lat' dir='ltr'>agna</span> <span class='ocrx_word' id='word_1_123' title='bbox 1212 1455 1381 1509; x_wconf 90' lang='lat' dir='ltr'>lupum.</span> 
     </span>
     <span class='ocr_line' id='line_1_18' title="bbox 288 1523 1515 1580; baseline -0.001 -14"><span class='ocrx_word' id='word_1_124' title='bbox 288 1526 407 1566; x_wconf 91' lang='lat' dir='ltr'>Dum</span> <span class='ocrx_word' id='word_1_125' title='bbox 432 1540 511 1567; x_wconf 87' lang='lat' dir='ltr'>ruo</span> <span class='ocrx_word' id='word_1_126' title='bbox 534 1532 792 1580; x_wconf 89' lang='lat' dir='ltr'>respectans</span> <span class='ocrx_word' id='word_1_127' title='bbox 815 1525 1022 1579; x_wconf 90' lang='lat' dir='ltr'>scopulos</span> <span class='ocrx_word' id='word_1_128' title='bbox 1045 1531 1087 1566; x_wconf 87' lang='lat' dir='ltr'>et</span> <span class='ocrx_word' id='word_1_129' title='bbox 1110 1524 1337 1579; x_wconf 87' lang='lat' dir='ltr'>inhospita</span> <span class='ocrx_word' id='word_1_130' title='bbox 1360 1523 1515 1573; x_wconf 90' lang='lat' dir='ltr'>lustra,</span> 
     </span>
     <span class='ocr_line' id='line_1_19' title="bbox 346 1593 1212 1648; baseline 0 -14"><span class='ocrx_word' id='word_1_131' title='bbox 346 1593 506 1648; x_wconf 85' lang='lat' dir='ltr'>Impia,</span> <span class='ocrx_word' id='word_1_132' title='bbox 531 1594 749 1644; x_wconf 89' lang='lat' dir='ltr'>dicebam,</span> <span class='ocrx_word' id='word_1_133' title='bbox 774 1600 932 1648; x_wconf 90' lang='lat' dir='ltr'>tesqua</span> <span class='ocrx_word' id='word_1_134' title='bbox 954 1593 1099 1635; x_wconf 89' lang='lat' dir='ltr'>valete</span> <span class='ocrx_word' id='word_1_135' title='bbox 1123 1593 1212 1634; x_wconf 89' lang='lat' dir='ltr'>diu.</span> 
     </span>
     <span class='ocr_line' id='line_1_20' title="bbox 289 1661 1357 1717; baseline -0.002 -13"><span class='ocrx_word' id='word_1_136' title='bbox 289 1664 391 1705; x_wconf 89' lang='lat' dir='ltr'>Huc</span> <span class='ocrx_word' id='word_1_137' title='bbox 415 1677 496 1717; x_wconf 86' lang='lat' dir='ltr'>ego</span> <span class='ocrx_word' id='word_1_138' title='bbox 519 1662 554 1704; x_wconf 90' lang='lat' dir='ltr'>si</span> <span class='ocrx_word' id='word_1_139' title='bbox 578 1664 723 1713; x_wconf 88' lang='lat' dir='ltr'>redeo,</span> <span class='ocrx_word' id='word_1_140' title='bbox 748 1663 867 1704; x_wconf 86' lang='lat' dir='ltr'>saxis</span> <span class='ocrx_word' id='word_1_141' title='bbox 890 1676 1044 1717; x_wconf 90' lang='lat' dir='ltr'>precor</span> <span class='ocrx_word' id='word_1_142' title='bbox 1069 1663 1229 1703; x_wconf 87' lang='lat' dir='ltr'>obruar</span> <span class='ocrx_word' id='word_1_143' title='bbox 1256 1661 1357 1711; x_wconf 90' lang='lat' dir='ltr'>illis,</span> 
     </span>
     <span class='ocr_line' id='line_1_21' title="bbox 347 1730 1382 1785; baseline -0.002 -12"><span class='ocrx_word' id='word_1_144' title='bbox 347 1733 471 1774; x_wconf 92' lang='lat' dir='ltr'>More</span> <span class='ocrx_word' id='word_1_145' title='bbox 492 1732 561 1774; x_wconf 93' lang='lat' dir='ltr'>vel</span> <span class='ocrx_word' id='word_1_146' title='bbox 587 1731 744 1781; x_wconf 90' lang='lat' dir='ltr'>Icario,</span> <span class='ocrx_word' id='word_1_147' title='bbox 769 1746 880 1785; x_wconf 88' lang='lat' dir='ltr'>quas</span> <span class='ocrx_word' id='word_1_148' title='bbox 902 1737 1019 1785; x_wconf 91' lang='lat' dir='ltr'>peto,</span> <span class='ocrx_word' id='word_1_149' title='bbox 1044 1745 1219 1785; x_wconf 87' lang='lat' dir='ltr'>mergar</span> <span class='ocrx_word' id='word_1_150' title='bbox 1241 1730 1382 1784; x_wconf 88' lang='lat' dir='ltr'>aquis.</span> 
     </span>
     <span class='ocr_line' id='line_1_22' title="bbox 287 1799 1274 1855; baseline -0.003 -12"><span class='ocrx_word' id='word_1_151' title='bbox 287 1803 403 1843; x_wconf 86' lang='lat' dir='ltr'>Ante</span> <span class='ocrx_word' id='word_1_152' title='bbox 424 1800 493 1843; x_wconf 88' lang='lat' dir='ltr'>vel</span> <span class='ocrx_word' id='word_1_153' title='bbox 516 1801 684 1843; x_wconf 86' lang='lat' dir='ltr'>invisas</span> <span class='ocrx_word' id='word_1_154' title='bbox 708 1800 890 1855; x_wconf 86' lang='lat' dir='ltr'>Superis</span> <span class='ocrx_word' id='word_1_155' title='bbox 915 1799 1135 1842; x_wconf 83' lang='lat' dir='ltr'>Busiridis</span> <span class='ocrx_word' id='word_1_156' title='bbox 1158 1814 1274 1849; x_wconf 88' lang='lat' dir='ltr'>aras,</span> 
     </span>
     <span class='ocr_line' id='line_1_23' title="bbox 345 1869 1270 1926; baseline -0.002 -14"><span class='ocrx_word' id='word_1_157' title='bbox 345 1872 461 1912; x_wconf 89' lang='lat' dir='ltr'>Ante</span> <span class='ocrx_word' id='word_1_158' title='bbox 485 1870 739 1926; x_wconf 90' lang='lat' dir='ltr'>Lycaonias</span> <span class='ocrx_word' id='word_1_159' title='bbox 761 1870 925 1924; x_wconf 87' lang='lat' dir='ltr'>hospes</span> <span class='ocrx_word' id='word_1_160' title='bbox 947 1869 1078 1912; x_wconf 84' lang='lat' dir='ltr'>adibo</span> <span class='ocrx_word' id='word_1_161' title='bbox 1101 1870 1270 1911; x_wconf 88' lang='lat' dir='ltr'>domos.</span> 
     </span>
     <span class='ocr_line' id='line_1_24' title="bbox 289 1939 1418 1995; baseline -0.003 -13"><span class='ocrx_word' id='word_1_162' title='bbox 289 1942 480 1995; x_wconf 88' lang='lat' dir='ltr'>Ipsaque</span> <span class='ocrx_word' id='word_1_163' title='bbox 504 1940 729 1982; x_wconf 90' lang='lat' dir='ltr'>montanis</span> <span class='ocrx_word' id='word_1_164' title='bbox 752 1939 955 1982; x_wconf 85' lang='lat' dir='ltr'>habitata</span> <span class='ocrx_word' id='word_1_165' title='bbox 979 1939 1250 1994; x_wconf 90' lang='lat' dir='ltr'>Cyclopibus</span> <span class='ocrx_word' id='word_1_166' title='bbox 1273 1944 1418 1987; x_wconf 86' lang='lat' dir='ltr'>antra,</span> 
     </span>
     <span class='ocr_line' id='line_1_25' title="bbox 345 2008 1922 2064; baseline -0.004 -13"><span class='ocrx_word' id='word_1_167' title='bbox 345 2011 558 2064; x_wconf 82' lang='lat' dir='ltr'>Quaeque</span> <span class='ocrx_word' id='word_1_168' title='bbox 581 2016 702 2051; x_wconf 90' lang='lat' dir='ltr'>tenet</span> <span class='ocrx_word' id='word_1_169' title='bbox 727 2009 897 2058; x_wconf 88' lang='lat' dir='ltr'>Sciron,</span> <span class='ocrx_word' id='word_1_170' title='bbox 921 2015 1040 2050; x_wconf 90' lang='lat' dir='ltr'>tecta</span> <span class='ocrx_word' id='word_1_171' title='bbox 1063 2008 1255 2050; x_wconf 87' lang='lat' dir='ltr'>nefanda</span> <span class='ocrx_word' id='word_1_172' title='bbox 1277 2013 1442 2061; x_wconf 89' lang='lat' dir='ltr'>petam.</span> <span class='ocrx_word' id='word_1_173' title='bbox 1868 2013 1922 2056; x_wconf 86' lang='lat'>50</span> 
     </span>
     <span class='ocr_line' id='line_1_26' title="bbox 13 2073 1606 2132; baseline -0.003 -13"><span class='ocrx_word' id='word_1_174' title='bbox 13 2090 16 2112; x_wconf 61' lang='grc' dir='ltr'>ν</span> <span class='ocrx_word' id='word_1_175' title='bbox 290 2078 417 2120; x_wconf 88' lang='lat' dir='ltr'>Haec</span> <span class='ocrx_word' id='word_1_176' title='bbox 440 2092 547 2132; x_wconf 86' lang='lat' dir='ltr'>ego;</span> <span class='ocrx_word' id='word_1_177' title='bbox 581 2084 649 2119; x_wconf 91' lang='lat' dir='ltr'>ter</span> <span class='ocrx_word' id='word_1_178' title='bbox 668 2077 837 2119; x_wconf 90' lang='lat' dir='ltr'>tonitru</span> <span class='ocrx_word' id='word_1_179' title='bbox 860 2076 1025 2118; x_wconf 90' lang='lat' dir='ltr'>circum</span> <span class='ocrx_word' id='word_1_180' title='bbox 1049 2076 1223 2118; x_wconf 90' lang='lat' dir='ltr'>caelum</span> <span class='ocrx_word' id='word_1_181' title='bbox 1247 2090 1378 2116; x_wconf 89' lang='lat' dir='ltr'>omne</span> <span class='ocrx_word' id='word_1_182' title='bbox 1401 2073 1606 2128; x_wconf 86' lang='lat' dir='ltr'>remugit,</span> 
     </span>
     <span class='ocr_line' id='line_1_27' title="bbox 14 2143 1284 2196; baseline -0.003 -7"><span class='ocrx_word' id='word_1_183' title='bbox 14 2143 16 2154; x_wconf 66' lang='lat'>²</span> <span class='ocrx_word' id='word_1_184' title='bbox 348 2148 492 2189; x_wconf 89' lang='lat' dir='ltr'>Omen</span> <span class='ocrx_word' id='word_1_185' title='bbox 516 2146 647 2196; x_wconf 92' lang='lat' dir='ltr'>inest,</span> <span class='ocrx_word' id='word_1_186' title='bbox 672 2145 775 2196; x_wconf 86' lang='lat' dir='ltr'>dixi,</span> <span class='ocrx_word' id='word_1_187' title='bbox 800 2152 905 2187; x_wconf 92' lang='lat' dir='ltr'>sunt</span> <span class='ocrx_word' id='word_1_188' title='bbox 928 2152 1025 2187; x_wconf 88' lang='lat' dir='ltr'>rata</span> <span class='ocrx_word' id='word_1_189' title='bbox 1046 2151 1150 2186; x_wconf 86' lang='lat' dir='ltr'>vota</span> <span class='ocrx_word' id='word_1_190' title='bbox 1175 2143 1284 2186; x_wconf 87' lang='lat' dir='ltr'>Iovi.</span> 
     </span>
     <span class='ocr_line' id='line_1_28' title="bbox 290 2212 1404 2269; baseline -0.003 -13"><span class='ocrx_word' id='word_1_191' title='bbox 290 2216 359 2256; x_wconf 86' lang='lat' dir='ltr'>Ex</span> <span class='ocrx_word' id='word_1_192' title='bbox 382 2215 471 2265; x_wconf 92' lang='lat' dir='ltr'>illo,</span> <span class='ocrx_word' id='word_1_193' title='bbox 497 2221 706 2269; x_wconf 88' lang='lat' dir='ltr'>suspecta</span> <span class='ocrx_word' id='word_1_194' title='bbox 732 2213 879 2263; x_wconf 91' lang='lat' dir='ltr'>nimis,</span> <span class='ocrx_word' id='word_1_195' title='bbox 904 2214 1232 2266; x_wconf 88' lang='lat' dir='ltr'>metuendaque</span> <span class='ocrx_word' id='word_1_196' title='bbox 1255 2212 1404 2261; x_wconf 88' lang='lat' dir='ltr'>tellus,</span> 
     </span>
     <span class='ocr_line' id='line_1_29' title="bbox 348 2280 1401 2338; baseline -0.004 -13"><span class='ocrx_word' id='word_1_197' title='bbox 348 2285 441 2326; x_wconf 90' lang='lat' dir='ltr'>Nec</span> <span class='ocrx_word' id='word_1_198' title='bbox 465 2284 575 2338; x_wconf 89' lang='lat' dir='ltr'>pede</span> <span class='ocrx_word' id='word_1_199' title='bbox 597 2297 765 2338; x_wconf 90' lang='lat' dir='ltr'>pressa,</span> <span class='ocrx_word' id='word_1_200' title='bbox 789 2282 930 2324; x_wconf 91' lang='lat' dir='ltr'>oculis</span> <span class='ocrx_word' id='word_1_201' title='bbox 954 2296 1034 2324; x_wconf 91' lang='lat' dir='ltr'>nec</span> <span class='ocrx_word' id='word_1_202' title='bbox 1058 2281 1165 2322; x_wconf 91' lang='lat' dir='ltr'>mihi</span> <span class='ocrx_word' id='word_1_203' title='bbox 1188 2281 1284 2323; x_wconf 87' lang='lat' dir='ltr'>visa</span> <span class='ocrx_word' id='word_1_204' title='bbox 1306 2280 1401 2321; x_wconf 83' lang='lat' dir='ltr'>fuit.</span> 
     </span>
     <span class='ocr_line' id='line_1_30' title="bbox 292 2349 1466 2405; baseline -0.004 -11"><span class='ocrx_word' id='word_1_205' title='bbox 292 2354 358 2394; x_wconf 92' lang='lat' dir='ltr'>Re</span> <span class='ocrx_word' id='word_1_206' title='bbox 380 2359 531 2394; x_wconf 89' lang='lat' dir='ltr'>tamen</span> <span class='ocrx_word' id='word_1_207' title='bbox 555 2351 736 2402; x_wconf 89' lang='lat' dir='ltr'>amissa,</span> <span class='ocrx_word' id='word_1_208' title='bbox 760 2358 990 2405; x_wconf 90' lang='lat' dir='ltr'>terrasque</span> <span class='ocrx_word' id='word_1_209' title='bbox 1013 2350 1253 2405; x_wconf 89' lang='lat' dir='ltr'>polumque</span> <span class='ocrx_word' id='word_1_210' title='bbox 1276 2349 1466 2403; x_wconf 90' lang='lat' dir='ltr'>querelis</span> 
     </span>
     <span class='ocr_line' id='line_1_31' title="bbox 17 2405 1410 2646; baseline -0.004 -182"><span class='ocrx_word' id='word_1_211' title='bbox 17 2405 23 2646; x_wconf 50' lang='lat' dir='ltr'>x</span> <span class='ocrx_word' id='word_1_212' title='bbox 350 2422 536 2476; x_wconf 91' lang='lat' dir='ltr'>Impleo,</span> <span class='ocrx_word' id='word_1_213' title='bbox 561 2435 641 2462; x_wconf 92' lang='lat' dir='ltr'>nec</span> <span class='ocrx_word' id='word_1_214' title='bbox 664 2419 830 2475; x_wconf 89' lang='lat' dir='ltr'>rapidis</span> <span class='ocrx_word' id='word_1_215' title='bbox 853 2427 956 2461; x_wconf 90' lang='lat' dir='ltr'>sunt</span> <span class='ocrx_word' id='word_1_216' title='bbox 980 2421 1084 2461; x_wconf 89' lang='lat' dir='ltr'>data</span> <span class='ocrx_word' id='word_1_217' title='bbox 1106 2421 1241 2462; x_wconf 85' lang='lat' dir='ltr'>verba</span> <span class='ocrx_word' id='word_1_218' title='bbox 1266 2418 1410 2460; x_wconf 88' lang='lat' dir='ltr'>Notis.</span> 
     </span>
     <span class='ocr_line' id='line_1_32' title="bbox 22 2821 25 2844; baseline 0 0"><span class='ocrx_word' id='word_1_219' title='bbox 22 2821 25 2844; x_wconf 69' lang='lat'><strong>⁴</strong></span> 
     </span>
     <span class='ocr_line' id='line_1_33' title="bbox 25 3007 28 3025; baseline 0 0"><span class='ocrx_word' id='word_1_220' title='bbox 25 3007 28 3025; x_wconf 77' lang='lat' dir='ltr'>l</span> 
     </span>
    </p>
   </div>
   <div class='ocr_carea' id='block_1_3' title="bbox 9 1671 20 2395">
    <p class='ocr_par' dir='ltr' id='par_1_3' title="bbox 9 1671 20 2395">
     <span class='ocr_line' id='line_1_34' title="bbox 9 1671 20 2395; baseline 0 0"><span class='ocrx_word' id='word_1_221' title='bbox 9 1671 20 2395; x_wconf 95' lang='lat' dir='ltr'> </span> 
     </span>
    </p>
   </div>
   <div class='ocr_carea' id='block_1_4' title="bbox 292 2486 1484 2545">
    <p class='ocr_par' dir='ltr' id='par_1_4' title="bbox 292 2486 1484 2545">
     <span class='ocr_line' id='line_1_35' title="bbox 292 2486 1484 2545; baseline -0.004 -13"><span class='ocrx_word' id='word_1_222' title='bbox 292 2490 411 2532; x_wconf 91' lang='lat' dir='ltr'>Hinc</span> <span class='ocrx_word' id='word_1_223' title='bbox 434 2490 586 2545; x_wconf 91' lang='lat' dir='ltr'>procul</span> <span class='ocrx_word' id='word_1_224' title='bbox 607 2491 686 2532; x_wconf 88' lang='lat' dir='ltr'>Iva</span> <span class='ocrx_word' id='word_1_225' title='bbox 707 2489 836 2539; x_wconf 90' lang='lat' dir='ltr'>iacet,</span> <span class='ocrx_word' id='word_1_226' title='bbox 861 2489 1127 2531; x_wconf 89' lang='lat' dir='ltr'>metuendae</span> <span class='ocrx_word' id='word_1_227' title='bbox 1150 2487 1350 2543; x_wconf 81' lang='lat' dir='ltr'>proxima</span> <span class='ocrx_word' id='word_1_228' title='bbox 1372 2486 1484 2541; x_wconf 90' lang='lat' dir='ltr'>rupi,</span> 
     </span>
    </p>
   </div>
   <div class='ocr_carea' id='block_1_5' title="bbox 122 2632 1923 2842">
    <p class='ocr_par' dir='ltr' id='par_1_5' title="bbox 235 2632 1659 2679">
     <span class='ocr_line' id='line_1_36' title="bbox 235 2632 1659 2679; baseline -0.004 -11"><span class='ocrx_word' id='word_1_229' title='bbox 235 2647 285 2679; x_wconf 87' lang='lat'>27.</span> <span class='ocrx_word' id='word_1_230' title='bbox 312 2638 382 2669; x_wconf 92' lang='lat' dir='ltr'>Sub</span> <span class='ocrx_word' id='word_1_231' title='bbox 398 2637 550 2679; x_wconf 87' lang='lat' dir='ltr'>principe</span> <span class='ocrx_word' id='word_1_232' title='bbox 568 2639 692 2678; x_wconf 85' lang='lat' dir='ltr'>sacro.]</span> <span class='ocrx_word' id='word_1_233' title='bbox 738 2637 804 2674; x_wconf 82' lang='lat' dir='ltr'>i.e.,</span> <span class='ocrx_word' id='word_1_234' title='bbox 822 2636 987 2678; x_wconf 89' lang='lat' dir='ltr'>probably</span> <span class='ocrx_word' id='word_1_235' title='bbox 1005 2636 1110 2667; x_wconf 87' lang='lat' dir='ltr'>under</span> <span class='ocrx_word' id='word_1_236' title='bbox 1127 2635 1185 2667; x_wconf 90' lang='lat' dir='ltr'>the</span> <span class='ocrx_word' id='word_1_237' title='bbox 1206 2634 1474 2674; x_wconf 85' lang='lat' dir='ltr'>Prince-Bishop</span> <span class='ocrx_word' id='word_1_238' title='bbox 1490 2633 1530 2665; x_wconf 90' lang='lat' dir='ltr'>of</span> <span class='ocrx_word' id='word_1_239' title='bbox 1543 2632 1659 2673; x_wconf 85' lang='lat' dir='ltr'>Liege.</span> 
     </span>
    </p>

    <p class='ocr_par' dir='ltr' id='par_1_6' title="bbox 234 2688 1698 2734">
     <span class='ocr_line' id='line_1_37' title="bbox 234 2688 1698 2734; baseline -0.004 -11"><span class='ocrx_word' id='word_1_240' title='bbox 234 2701 285 2731; x_wconf 86' lang='lat'>32.</span> <span class='ocrx_word' id='word_1_241' title='bbox 314 2692 540 2734; x_wconf 84' lang='lat' dir='ltr'>Hamptiacas</span> <span class='ocrx_word' id='word_1_242' title='bbox 564 2715 570 2723; x_wconf 94' lang='lat'>.</span> <span class='ocrx_word' id='word_1_243' title='bbox 598 2718 604 2724; x_wconf 93' lang='lat'><em>.</em></span> <span class='ocrx_word' id='word_1_244' title='bbox 634 2717 641 2724; x_wconf 91' lang='lat'><strong>.</strong></span> <span class='ocrx_word' id='word_1_245' title='bbox 668 2692 782 2732; x_wconf 65' lang='lat' dir='ltr'>fores]</span> <span class='ocrx_word' id='word_1_246' title='bbox 829 2693 882 2723; x_wconf 90' lang='lat' dir='ltr'>On</span> <span class='ocrx_word' id='word_1_247' title='bbox 902 2692 1184 2732; x_wconf 85' lang='lat' dir='ltr'>“Hamptaeus‚&#39;&#39;</span> <span class='ocrx_word' id='word_1_248' title='bbox 1201 2700 1257 2721; x_wconf 86' lang='lat' dir='ltr'>see</span> <span class='ocrx_word' id='word_1_249' title='bbox 1275 2689 1446 2730; x_wconf 86' lang='lat' dir='ltr'>prefatory</span> <span class='ocrx_word' id='word_1_250' title='bbox 1463 2693 1554 2724; x_wconf 88' lang='lat' dir='ltr'>note,</span> <span class='ocrx_word' id='word_1_251' title='bbox 1573 2698 1603 2728; x_wconf 90' lang='lat' dir='ltr'>p.</span> <span class='ocrx_word' id='word_1_252' title='bbox 1627 2688 1698 2717; x_wconf 83' lang='lat'>106.</span> 
     </span>
    </p>

    <p class='ocr_par' dir='ltr' id='par_1_7' title="bbox 122 2740 1923 2842">
     <span class='ocr_line' id='line_1_38' title="bbox 234 2740 1923 2788; baseline -0.005 -10"><span class='ocrx_word' id='word_1_253' title='bbox 234 2757 285 2786; x_wconf 91' lang='lat'>50.</span> <span class='ocrx_word' id='word_1_254' title='bbox 311 2748 470 2788; x_wconf 90' lang='lat' dir='ltr'>Scyron.]</span> <span class='ocrx_word' id='word_1_255' title='bbox 508 2747 593 2778; x_wconf 90' lang='lat' dir='ltr'>This</span> <span class='ocrx_word' id='word_1_256' title='bbox 610 2747 638 2779; x_wconf 88' lang='lat' dir='ltr'>is</span> <span class='ocrx_word' id='word_1_257' title='bbox 656 2746 822 2779; x_wconf 86' lang='lat' dir='ltr'>incorrect</span> <span class='ocrx_word' id='word_1_258' title='bbox 838 2747 986 2788; x_wconf 85' lang='lat' dir='ltr'>spelling</span> <span class='ocrx_word' id='word_1_259' title='bbox 1009 2747 1057 2777; x_wconf 84' lang='lat' dir='ltr'>for</span> <span class='ocrx_word' id='word_1_260' title='bbox 1077 2745 1207 2785; x_wconf 88' lang='lat' dir='ltr'>Sciron,</span> <span class='ocrx_word' id='word_1_261' title='bbox 1228 2744 1286 2776; x_wconf 88' lang='lat' dir='ltr'>the</span> <span class='ocrx_word' id='word_1_262' title='bbox 1302 2744 1434 2775; x_wconf 89' lang='lat' dir='ltr'>robber.</span> <span class='ocrx_word' id='word_1_263' title='bbox 1482 2743 1628 2784; x_wconf 85' lang='lat' dir='ltr'>(Scyron</span> <span class='ocrx_word' id='word_1_264' title='bbox 1646 2740 1754 2782; x_wconf 85' lang='lat' dir='ltr'>ought</span> <span class='ocrx_word' id='word_1_265' title='bbox 1771 2745 1806 2771; x_wconf 89' lang='lat' dir='ltr'>to</span> <span class='ocrx_word' id='word_1_266' title='bbox 1823 2748 1923 2771; x_wconf 89' lang='lat' dir='ltr'>mean</span> 
     </span>
     <span class='ocr_line' id='line_1_39' title="bbox 122 2799 492 2842; baseline 0.005 -12"><span class='ocrx_word' id='word_1_267' title='bbox 122 2799 179 2831; x_wconf 85' lang='lat' dir='ltr'>the</span> <span class='ocrx_word' id='word_1_268' title='bbox 194 2800 324 2837; x_wconf 75' lang='lat' dir='ltr'>Island,</span> <span class='ocrx_word' id='word_1_269' title='bbox 344 2801 492 2842; x_wconf 88' lang='lat' dir='ltr'>Scyros.)</span> 
     </span>
    </p>
   </div>
   <div class='ocr_carea' id='block_1_6' title="bbox 125 2847 1921 2950">
    <p class='ocr_par' dir='ltr' id='par_1_8' title="bbox 125 2847 1921 2950">
     <span class='ocr_line' id='line_1_40' title="bbox 236 2847 1921 2895; baseline -0.004 -11"><span class='ocrx_word' id='word_1_270' title='bbox 236 2863 286 2895; x_wconf 88' lang='lat'>57.</span> <span class='ocrx_word' id='word_1_271' title='bbox 312 2855 399 2893; x_wconf 87' lang='lat' dir='ltr'>Iva.]</span> <span class='ocrx_word' id='word_1_272' title='bbox 444 2854 472 2885; x_wconf 91' lang='lat' dir='ltr'>A</span> <span class='ocrx_word' id='word_1_273' title='bbox 490 2853 586 2895; x_wconf 86' lang='lat' dir='ltr'>place</span> <span class='ocrx_word' id='word_1_274' title='bbox 603 2854 641 2885; x_wconf 85' lang='lat' dir='ltr'>of</span> <span class='ocrx_word' id='word_1_275' title='bbox 659 2853 726 2885; x_wconf 78' lang='lat' dir='ltr'>this</span> <span class='ocrx_word' id='word_1_276' title='bbox 746 2863 846 2885; x_wconf 87' lang='lat' dir='ltr'>name</span> <span class='ocrx_word' id='word_1_277' title='bbox 863 2854 930 2885; x_wconf 88' lang='lat' dir='ltr'>still</span> <span class='ocrx_word' id='word_1_278' title='bbox 948 2863 1067 2884; x_wconf 87' lang='lat' dir='ltr'>occurs</span> <span class='ocrx_word' id='word_1_279' title='bbox 1085 2853 1116 2883; x_wconf 83' lang='lat' dir='ltr'>in</span> <span class='ocrx_word' id='word_1_280' title='bbox 1135 2855 1155 2869; x_wconf 88' lang='lat'><strong>“</strong></span> <span class='ocrx_word' id='word_1_281' title='bbox 1168 2850 1388 2893; x_wconf 80' lang='lat' dir='ltr'>de‘pendence</span> <span class='ocrx_word' id='word_1_282' title='bbox 1404 2849 1449 2882; x_wconf 88' lang='lat' dir='ltr'>du</span> <span class='ocrx_word' id='word_1_283' title='bbox 1465 2847 1921 2887; x_wconf 83' lang='lat' dir='ltr'>Villers-Sainte-Gertrude,</span> 
     </span>
     <span class='ocr_line' id='line_1_41' title="bbox 125 2908 402 2950; baseline 0.011 -12"><span class='ocrx_word' id='word_1_284' title='bbox 125 2908 362 2950; x_wconf 86' lang='lat' dir='ltr'>Luxembourg</span> <span class='ocrx_word' id='word_1_285' title='bbox 375 2910 402 2941; x_wconf 85' lang='lat'>’‘.</span> 
     </span>
    </p>
   </div>
  </div>
 </body>
</html>
