2594 3749
684 302 764 348 194
1470 301 1708 335 PARERGA.

854 419 900 462 Si
924 419 1028 474 quid
1052 419 1096 460 in
1119 418 1189 461 his
1212 419 1370 474 culpae
1393 426 1476 470 est,
1500 419 1668 462 crimen
1691 419 1957 463 transfertur
1977 420 2021 463 in
2045 435 2202 472 annos,

913 489 988 539 Et,
1011 502 1117 530 sene
1140 488 1336 538 laudato,
1356 488 1451 531 sola
1473 495 1654 532 senecta
1677 503 1751 531 rea
1773 495 1856 531 est.

856 557 943 599 His
965 571 1047 612 ego
1069 571 1139 599 me
1160 556 1279 599 solor
1300 556 1461 612 capulo
1482 557 1670 608 vicinus,
1695 564 1743 600 ut
1766 564 1862 600 arte

911 625 978 668 Sit
1001 625 1157 676 levius,
1181 627 1298 680 quod
1322 639 1417 668 sors
1439 625 1550 668 ferre
1572 626 1731 681 coegit,
1756 640 1883 668 onus.

852 694 1014 749 Aptius
1037 701 1082 736 at
1105 701 1299 746 nostrae,
1323 702 1372 737 tu
1395 696 1748 746 Wedderburne,
1773 701 1980 738 senectae

910 763 1134 813 Consulis,
1158 770 1200 805 et
1224 778 1336 818 quae
1359 764 1440 806 fert
1464 765 1574 806 dura
1597 770 1792 814 senecta,
1818 763 1962 806 malis.
2404 779 2485 818 130

853 831 970 873 Dum
996 831 1103 873 mihi
1127 838 1169 874 te
1192 832 1317 884 sisto,
1341 834 1463 884 dum,
1488 847 1598 887 quos
1616 832 1749 874 simul
1773 832 1946 887 egimus
1968 846 2125 883 ann08‚

913 902 1064 943 Mente
1086 907 1209 955 puto,
1233 908 1395 952 mutor,
1420 916 1500 944 nec
1524 902 1633 943 mihi
1657 916 1771 952 sum,
1797 903 1913 956 quod
1942 916 2079 944 eram.

853 971 1029 1012 Aesona
1051 969 1325 1012 carminibus
1347 970 1538 1012 mutavit
1562 970 1743 1014 Colchis
1766 977 1808 1012 et
1832 970 2006 1021 herbis3

914 1039 1014 1080 Hac
1038 1038 1258 1089 iuvenem,
1282 1039 1474 1081 tremulo
1497 1040 1550 1081 de
1574 1053 1693 1089 sene,
1717 1039 1821 1081 fecit
1843 1053 1940 1093 ope.

855 1107 1083 1150 Colchidis
1105 1107 1149 1149 in
1173 1121 1357 1158 morem,
1381 1107 1518 1150 veteri
1540 1114 1589 1150 tu
1612 1107 1760 1150 reddis
1782 1107 1943 1158 amico,

913 1175 999 1231 Qui
1023 1177 1132 1230 pede
1154 1176 1293 1218 veloci
1321 1176 1602 1231 praeteriere,
1627 1176 1734 1218 dies.

853 1244 1077 1299 Tempora
1101 1246 1205 1287 dum
1229 1245 1375 1287 recolo
1404 1251 1553 1288 tecum
1577 1244 1709 1287 simul
1734 1252 1835 1288 acta
1858 1245 2080 1296 iuventae,

913 1315 986 1355 Me
1010 1313 1119 1355 mihi
1142 1314 1398 1365 restituens,
1422 1314 1520 1369 ipsa
1542 1315 1725 1357 iuventa
1747 1314 1874 1357 redit.

855 1383 1070 1426 Colchida
1093 1390 1140 1424 tu
1163 1383 1330 1426 vincis:
1365 1384 1498 1439 longo
1521 1383 1750 1426 molimine
1773 1383 1954 1426 Colchis

912 1453 1040 1507 Quod
1065 1452 1201 1494 semel
1225 1467 1335 1495 ausa
1357 1452 1454 1503 fuit,
1478 1460 1528 1495 tu
1552 1452 1661 1495 mihi
1685 1467 1818 1507 saepe
1839 1452 1964 1495 facis.
2404 1467 2485 1509 140

798 1609 869 1640 133.
895 1599 1061 1640 Colchis]
1107 1599 1170 1638 i.c.,
1190 1600 1325 1639 Medea,
1344 1601 1401 1633 the
1419 1611 1598 1633 sorceress.

797 1701 857 1743 ’Ἆῤ
877 1703 915 1733 ln
934 1702 1129 1734 immediate
1154 1712 1322 1744 sequence
1340 1708 1375 1735 to
1391 1703 1460 1735 this
1484 1713 1583 1744 poem
1607 1703 1689 1746 (No.
1708 1702 1861 1744 XXIX.)‚
1883 1702 1976 1735 there
1993 1701 2137 1740 follows,
2155 1701 2188 1734 in
2206 1702 2263 1734 the
2279 1703 2430 1744 Parcrga
2447 1712 2486 1736 as

681 1756 860 1798 published
882 1756 915 1788 in
936 1758 1028 1797 1632,
1056 1768 1098 1788 an
1123 1758 1260 1799 elegant
1284 1767 1385 1799 poem
1410 1758 1442 1789 in
1468 1758 1572 1799 reply‚
1597 1758 1641 1800 by
1667 1757 1778 1790 David
1801 1756 2050 1794 Wedderburn,
2075 1757 2264 1800 beginning
2287 1761 2306 1775 “
2321 1758 2396 1789 Has
2419 1767 2485 1799 ego

681 1820 784 1842 cerno
800 1811 895 1842 nives
907 1812 937 1844 ''.
986 1812 1025 1842 In
1050 1811 1108 1843 the
1130 1811 1280 1842 Dazitiae
1303 1812 1343 1844 of
1364 1814 1444 1854 1637
1462 1812 1529 1844 this
1545 1812 1640 1854 reply
1656 1812 1729 1844 also
1745 1822 1874 1851 occurs,
1895 1810 1955 1842 but
1971 1811 2065 1843 there
2083 1811 2107 1843 it
2124 1811 2151 1843 is
2169 1811 2287 1853 placed
2304 1811 2411 1844 under
2428 1811 2485 1844 the

683 1865 813 1897 section
832 1866 949 1908 giving
965 1866 1232 1898 Wedderburn’s
1249 1877 1325 1898 own
1345 1877 1476 1908 poems,
1493 1873 1529 1899 to
1545 1867 1657 1899 which
1674 1867 1699 1898 it
1715 1866 1872 1908 properly
1888 1866 2043 1908 belongs.
