2594 3749
691 339 772 382 154
1467 341 1711 375 PARERGA.

861 454 1076 511 Quisquis
1098 463 1192 499 erat
1216 464 1393 512 patrum
1416 465 1510 502 tam
1532 459 1619 502 rari
1643 459 1839 502 muneris
1861 465 2031 511 auctor,

919 526 957 568 Ο
980 539 1135 580 precor
1157 527 1276 570 illius
1299 528 1493 571 molliter
1514 543 1616 571 ossa
1638 530 1817 571 cubent.

858 592 927 634 Ah
950 607 1103 636 vereor
1124 609 1179 638 ne
1202 611 1329 639 mens
1352 596 1532 652 Stygias
1554 597 1625 640 ius
1646 597 1764 640 dicat
1788 598 1842 640 ad
1866 598 2024 648 undas,

916 661 962 704 Si
986 663 1085 716 quis
1110 663 1154 706 in
1178 664 1248 707 his
1269 665 1418 708 forsan
1441 665 1576 720 piscis
1597 667 1771 709 oberrat
1797 665 1939 720 aquis.

859 731 959 773 Hoc
981 731 1076 774 sine
1099 733 1202 787 quid
1226 740 1349 788 potet
1371 734 1481 777 levis
1503 741 1546 777 et
1569 734 1786 777 discincta
1815 734 2040 785 iuventus,

915 800 1040 855 Quae
1065 802 1232 844 Bacchi
1255 803 1435 845 laticem
1458 810 1588 846 nocte
1610 803 1768 857 dieque
1791 802 1919 845 sitit?

859 868 974 924 Quid
997 869 1069 923 pia
1092 871 1223 913 turba
1246 886 1418 922 senum,
1445 872 1611 914 Bacchi
1635 886 1747 926 quae
1770 871 1988 925 sanguine
2010 871 2153 914 vivit?

915 937 1030 993 Quid
1052 939 1218 981 faciant
1242 940 1411 982 multae
1433 940 1710 994 garrulitatis
1733 941 1880 982 anus?

855 1005 967 1060 Quis
989 1007 1104 1049 colat
1127 1008 1338 1058 Aonidas,
1365 1009 1531 1050 Bacchi
1555 1009 1592 1050 si
1615 1008 1862 1063 dempseris
1885 1023 2015 1050 usum
2034 1009 2050 1051 ?

912 1075 980 1117 Ah
1003 1075 1138 1117 nimis
1160 1076 1378 1131 insipidae
1401 1084 1505 1119 sunt
1530 1077 1763 1119 Heliconis
1786 1091 1943 1131 aquae.

856 1145 955 1186 Lux
978 1145 1050 1188 ubi
1074 1160 1200 1188 sacra
1221 1147 1347 1196 redit,
1373 1148 1522 1189 madet
1545 1147 1627 1189 hoc
1651 1161 1751 1188 cum
1775 1147 1901 1201 plebe
1925 1147 2120 1188 Senatus

913 1214 1031 1268 Ipse,
1055 1229 1135 1256 nec
1161 1222 1244 1265 est,
1268 1215 1382 1257 festa
1408 1215 1506 1257 luce
1534 1216 1727 1266 madere,
1751 1217 1907 1270 pudor.

853 1282 922 1325 Tu
946 1298 1120 1338 quoque
1142 1285 1245 1327 vina
1270 1285 1367 1327 Deo
1390 1285 1516 1335 libas,
1541 1284 1821 1339 nimiumque
1844 1291 2110 1336 morantem,

911 1353 1054 1407 Saepe
1077 1353 1193 1394 soles
1217 1354 1396 1395 Baccho
1419 1353 1636 1408 frangere,
1661 1360 1823 1409 mysta,
1847 1353 1980 1395 diem.

855 1420 964 1476 Quis
987 1421 1107 1464 bibat
1131 1422 1344 1476 ingratos,
1369 1437 1482 1477 quos
1504 1424 1685 1477 praebet
1710 1423 1874 1472 Scotia,
1896 1422 2078 1464 fumos?

911 1490 985 1531 Nil
1009 1497 1184 1544 praeter
1205 1497 1357 1533 coctas
1379 1491 1455 1533 illa
1479 1491 1704 1533 ministrat
1729 1505 1885 1545 aquas.

854 1558 1034 1600 Hordea
1057 1559 1243 1601 limosae
1266 1560 1512 1602 miscentur
1533 1560 1712 1602 mucida
1735 1560 1960 1614 lymphae,

909 1627 1115 1682 Lympha
1138 1628 1205 1669 sui
1229 1627 1362 1670 nimis
1384 1635 1451 1670 est
1474 1629 1673 1683 prodiga,
1698 1643 1831 1683 parca
1855 1629 2005 1670 Ceres.

854 1696 952 1737 Has
975 1710 1056 1751 ego
1079 1696 1292 1738 misturas
1314 1697 1385 1739 odi
1409 1711 1518 1740 cane
1541 1697 1667 1752 peius
1689 1704 1732 1739 et
1757 1711 1902 1752 angue
1922 1713 1931 1739 :

907 1764 1070 1806 Tutius
1093 1780 1115 1806 e
1139 1765 1307 1808 Colcho
1329 1765 1468 1808 missa
1489 1780 1661 1808 venena
1684 1766 1824 1808 bibas.

851 1833 1032 1875 Hordea
1055 1835 1237 1876 mandat
1261 1849 1417 1889 equus,
1441 1842 1675 1876 serventur
1696 1834 1893 1890 piscibus
1916 1835 2076 1885 undae,

909 1902 1122 1957 Quisquis
1144 1903 1265 1953 ades,
1289 1903 1417 1945 nobis
1438 1903 1572 1945 funde
1598 1903 1802 1953 Falerna,
1827 1917 1949 1958 puer.

850 1970 935 2012 Sed
958 1971 1107 2012 forsan
1131 1985 1211 2012 nec
1235 1971 1351 2014 bella
1375 1986 1496 2013 mero
1520 1986 1602 2013 nec
1624 1972 1794 2013 retibus
1816 1971 1966 2021 infers,

906 2040 1102 2081 Sabbata
1126 2039 1161 2080 si
1186 2054 1327 2089 servo,
1352 2046 1510 2094 satque
1533 2055 1754 2094 superque
1776 2040 1855 2082 tibi
1879 2047 1961 2081 est.

850 2108 1049 2150 Numina
1072 2110 1325 2159 deveneror‚
1349 2116 1427 2151 tua
1454 2124 1535 2152 nec
1561 2109 1812 2152 rescindere
1839 2109 1960 2151 iussa

907 2177 995 2219 Fas
1018 2178 1141 2228 mihi,
1167 2179 1241 2220 sed
1265 2178 1452 2220 nimium
1477 2181 1586 2220 dura
1609 2193 1690 2220 nec
1713 2193 1856 2233 aequa
1879 2179 2016 2221 iubes.

849 2245 895 2287 Si
919 2246 1026 2287 mihi
1051 2247 1146 2289 luce
1171 2261 1297 2289 saera
1320 2248 1444 2289 labor
1466 2247 1744 2289 interdicitur
1769 2247 1926 2296 omnis,

906 2315 997 2357 Cur
1018 2315 1096 2358 tibi
1120 2323 1294 2358 sacrata
1317 2316 1413 2358 luce
1436 2316 1584 2358 culina
1607 2316 1756 2358 calet?

848 2385 941 2426 Cur
959 2385 1066 2427 teris
1088 2400 1161 2427 ore
1184 2387 1336 2440 dapes,
1360 2392 1402 2427 et
1426 2387 1605 2427 dentem
1629 2387 1760 2427 dente
1783 2385 1980 2440 fatigas?

905 2454 996 2496 Cur
1018 2454 1126 2496 sinis
1149 2455 1358 2496 ancillam
1383 2456 1565 2496 caedere
1588 2454 1722 2497 cortis
1745 2455 1884 2496 aves?

847 2523 938 2564 Cur
959 2537 1101 2576 penus
1122 2523 1376 2565 excutitur?
1409 2529 1564 2578 petaso
1587 2538 1666 2565 cur
1687 2523 1904 2578 promitur
1926 2523 2042 2574 inde,

905 2591 963 2632 Et
987 2592 1040 2633 de
1062 2591 1249 2634 fumosis
1272 2592 1480 2634 Caecuba
1501 2591 1604 2634 vina
1626 2592 1782 2634 cadis?

790 2775 860 2805 161.
885 2774 938 2804 Ah
955 2784 1070 2806 vereor
1088 2785 1129 2806 ne
1146 2776 1269 2815 meus.]
1315 2774 1389 2806 The
1415 2774 1632 2816 Middelburg
1655 2774 1782 2806 edition
1805 2775 1845 2806 of
1868 2776 1947 2814 1642
1968 2774 2247 2812 readsss‘mensss'

673 2827 840 2868 misprint,
858 2832 878 2845 “
891 2830 1023 2867 meuS,''
1040 2829 1080 2860 of
1096 2829 1154 2861 the
1170 2828 1329 2862 Delitiae.

789 2893 859 2923 173.
886 2882 1040 2924 Fumos.]
1087 2884 1120 2914 Is
1137 2884 1205 2915 this
1221 2884 1279 2915 the
1296 2888 1316 2901 “
1328 2883 1535 2925 peat-reek‚⁷’
1554 2884 1632 2916 thus
1652 2883 1755 2924 early,
1773 2893 1810 2915 as
1827 2893 1848 2915 a
1864 2893 1964 2915 name
1981 2883 2030 2915 for
2047 2883 2204 2924 whisky?

790 2938 861 2978 189.
887 2937 1040 2979 Petaso]
1084 2938 1113 2968 A
1131 2938 1289 2970 shoulder
1307 2939 1345 2970 of
1359 2939 1452 2980 pork.

2408 532 2489 574 160

2404 1228 2484 1272 170

2400 1905 2480 1947 180

2394 2606 2475 2647 190

2263 2775 2398 2816 against
2415 2775 2473 2807 the
