2594 3749
700 913 868 953 XLIV.
909 913 991 952 AD
1029 910 1386 954 ROBERTUM
1424 907 1781 956 BARONIUM‚
1816 905 2239 950 THEOLOGIAE
2274 908 2501 954 DOCTO-
2567 938 2569 944 ‹

1483 340 1722 375 PARERGA.

1197 991 1349 1040 REM,
1388 989 1473 1030 DE
1510 986 1706 1030 OBITU
1749 988 2009 1030 FILIOLI.

875 1165 1004 1205 Nunc
1029 1159 1341 1209 Abredonaeis,
1366 1158 1542 1208 Baroni,
1565 1157 1708 1200 tristis
1730 1158 1773 1199 in
1797 1157 1884 1200 oris

931 1231 1118 1281 Diceris,
1143 1231 1244 1280 heu,
1270 1228 1363 1271 nati
1386 1228 1541 1270 funera
1564 1227 1667 1269 flere
1689 1227 1770 1269 tui.

874 1303 974 1343 Non
998 1315 1078 1355 ego
1101 1300 1204 1342 flere
1226 1306 1352 1342 veto:
1388 1312 1469 1340 nec
1492 1297 1609 1339 enim
1634 1304 1677 1339 te
1700 1298 1887 1340 barbara
1910 1297 2136 1340 Thracum

929 1370 1122 1424 Tesqua,
1147 1383 1227 1410 nec
1253 1369 1491 1422 Hyrcanae
1515 1380 1786 1421 progenuere
1808 1366 1957 1421 tigres.

873 1439 1000 1481 Flere
1022 1438 1125 1480 licet
1149 1436 1263 1492 patri
1287 1442 1457 1485 natum,
1479 1442 1673 1489 natoque
1696 1442 1941 1490 parentem,

930 1509 988 1549 Et
1012 1520 1143 1561 quem
1167 1504 1368 1560 quisquis
1391 1511 1534 1554 amat;
1568 1504 1700 1545 fietus
1722 1510 1765 1546 et
1788 1504 1880 1558 ipse
1903 1504 2040 1547 iuvat.

871 1576 957 1631 Qui
980 1575 1129 1630 coquit
1152 1581 1195 1617 et
1222 1574 1343 1616 lenta
1366 1572 1589 1615 consumit
1611 1574 1713 1615 tabe
1737 1574 1968 1624 medullas,

929 1643 1126 1687 Mitescit
1149 1642 1348 1686 lacrimis
1371 1642 1622 1696 eluiturque
1645 1643 1779 1684 dolor.

871 1715 957 1756 Sed
981 1715 1139 1755 modus
1162 1718 1229 1754 est
1251 1713 1396 1761 rebus,
1419 1717 1539 1754 stata
1564 1717 1666 1753 sunt
1692 1718 1919 1754 momenta
1943 1711 2118 1762 doloris,

929 1783 1023 1824 Nec
1046 1783 1170 1824 decet
1195 1787 1376 1823 aeterno
1398 1794 1494 1822 rore
1517 1781 1695 1821 madere
1718 1794 1866 1834 genas.
2448 1795 2498 1824 10
2560 1782 2562 1798 ³

870 1851 1057 1894 Davidis
1080 1850 1283 1904 exemplo
1306 1856 1502 1892 mentem
1527 1863 1744 1903 compone
1767 1863 1775 1899 ;
1808 1849 1986 1904 sagittis

927 1919 996 1961 Tu
1021 1919 1181 1974 quibus
1204 1918 1388 1973 urgeris,
1413 1918 1527 1960 fixus
1549 1924 1591 1959 et
1616 1917 1688 1959 ille
1710 1917 1806 1960 fuit.

871 1989 1071 2031 Lucibus
1092 1988 1164 2030 hic
1189 1993 1359 2042 septem
1384 1986 1585 2029 morituri
1609 1987 1764 2029 funera
1787 1986 1880 2030 nati

929 2057 1088 2107 Flevit,
1112 2063 1154 2098 et
1178 2063 1244 2098 est
1267 2055 1463 2098 lacrimis
1485 2070 1680 2110 purpura
1707 2055 1848 2098 tincta
1871 2055 1969 2111 piis.

871 2126 1073 2168 Fletibus
1096 2125 1332 2180 indulgens
1354 2124 1511 2179 vigiles
1534 2125 1577 2166 in
1601 2125 1781 2179 pulvere
1805 2132 1959 2167 noctes

925 2195 1093 2243 Traxit,
1115 2201 1157 2236 et
1180 2194 1355 2236 oblatas
1378 2193 1545 2248 respuit
1568 2208 1641 2235 ore
1664 2195 1812 2248 dapes.

868 2267 948 2306 Ast
972 2264 1044 2306 ubi
1068 2263 1156 2305 iam
1179 2263 1383 2305 functum
1407 2262 1575 2313 didicit,
1600 2263 1827 2317 sensitque
1851 2264 2108 2306 medentum

926 2333 1102 2375 Auxilia
1125 2339 1167 2373 et
1192 2331 1360 2387 patrias
1382 2331 1442 2372 nil
1469 2331 1663 2373 valuisse
1685 2346 1864 2386 preces:

869 2402 1020 2456 Surgit
1042 2402 1179 2443 humo
1202 2408 1245 2442 et
1269 2400 1421 2455 pingui
1446 2400 1527 2442 sibi
1553 2400 1731 2455 tingens
1757 2401 1938 2443 Pallade
1960 2400 2121 2450 vultus

925 2470 1095 2512 Adferri
1120 2469 1293 2512 Cereris
1315 2471 1431 2511 dona
1455 2483 1713 2523 merumque
1736 2469 1866 2512 iubet.
2442 2482 2493 2510 20
2553 2499 2555 2513 .

867 2539 1068 2594 Tempus
1090 2545 1182 2580 erat
1206 2538 1367 2587 luctus,
1390 2538 1548 2592 inquit,
1573 2539 1678 2579 dum
1702 2538 1867 2580 viveret
1890 2537 2053 2588 infans,
2553 2532 2554 2541 ¹

928 2609 986 2649 Et
1010 2607 1126 2649 flecti
1150 2613 1300 2662 posset
1326 2606 1537 2648 Numinis
1560 2606 1623 2648 ira
1647 2621 1790 2661 prece.

868 2677 999 2718 Nunc
1023 2675 1095 2718 ubi
1120 2689 1240 2717 mors
1262 2675 1352 2717 telo
1375 2675 1501 2723 feriit,
1525 2674 1628 2729 quid
1653 2689 1851 2718 macerer
1872 2675 2022 2717 ultra?

814 2846 861 2866 11.
889 2834 1027 2875 David]
1073 2835 1111 2865 In
1131 2834 1196 2866 Old
1213 2834 1318 2872 Test.‚
1341 2834 1386 2865 11.
1406 2834 1553 2871 Samuel,
1573 2834 1652 2867 XII.
1672 2844 1724 2871 20,
1741 2839 1806 2866 etc.
1851 2833 2054 2875 Jolmston's
2077 2832 2258 2874 rendering
2273 2833 2311 2865 of
2332 2832 2399 2864 this
2416 2841 2489 2874 gem
2549 2830 2551 2866 2

693 2891 777 2922 from
796 2891 852 2921 the
871 2890 936 2921 Old
954 2890 1155 2921 Testament
1173 2889 1201 2920 is
1218 2889 1404 2930 extremely
1420 2889 1595 2921 beautiful.

811 2954 858 2984 19.
886 2944 1006 2985 Pingui
1027 2943 1194 2982 Pallade]
1244 2942 1308 2980 i.c.‚
1330 2943 1511 2984 anointing
1526 2943 1608 2974 with
1628 2942 1684 2975 oil.
1735 2946 1753 2960 ‘⁴
1768 2942 1900 2974 Feriit''
1919 2942 1952 2973 in
1970 2951 2020 2983 23,
2041 2951 2061 2973 a
2078 2940 2155 2973 bold
2175 2941 2317 2973 Persect.
