2594 3749
680 296 760 327 HIS
793 295 1017 328 LAWSUIT
1049 297 1113 327 AT
1145 296 1375 328 MALINES.
1850 302 1927 330 ΙΙΙ

304 415 521 470 Quodque
546 414 670 456 Deae
692 427 794 456 cum
816 413 951 455 fratre
967 420 1140 468 petunt,
1165 414 1248 455 hoc
1270 414 1483 468 languida
1505 414 1671 456 morbis

359 483 510 526 Turba
532 489 674 538 rogat,
699 496 850 524 sacros
873 489 977 524 ante
998 483 1151 525 voluta
1173 483 1322 537 pedes.

304 553 430 594 Iusta
452 552 588 607 petit;
623 552 876 607 quicunque
897 552 991 594 foro
1013 567 1094 594 nos
1117 552 1359 607 mancipat,
1385 567 1542 607 aegros

362 621 444 663 Ille
469 621 738 664 Machaonia
761 623 976 665 barbarus
998 627 1119 663 arcet
1145 635 1242 675 ope.

304 690 452 732 Maius
475 697 517 732 et
540 690 623 733 hoc
647 705 798 741 ausus,
823 691 1044 733 medicam
1067 692 1174 732 dum
1197 690 1351 732 litibus
1378 696 1518 733 artem

361 760 584 814 Implicat,
609 760 773 801 auxilio
795 760 921 814 queis
945 759 1056 802 foret
1079 759 1169 809 illa,
1193 765 1338 801 necat.

303 829 419 884 Quid
442 843 684 871 memorem
707 829 932 879 lacrimas,
957 843 1068 883 quas
1090 843 1208 871 nunc
1232 829 1417 870 absente
1440 828 1602 870 marito

361 898 527 940 Fundit
551 898 594 939 in
617 898 770 953 ignota
793 898 952 940 flebilis
976 912 1085 939 uxor
1106 898 1277 939 humo?
1421 920 1424 921 ⁷
1857 910 1937 939 100

305 968 390 1008 Per
410 967 601 1021 patriam
625 975 751 1022 rogat
775 967 850 1009 illa
873 982 1017 1016 suam,
1042 967 1298 1021 patriosque
1321 973 1521 1021 penates,

363 1037 486 1091 Quos
508 1036 674 1077 dirimit
696 1043 845 1078 vestra
868 1043 1052 1090 quartus
1075 1038 1129 1078 ab
1153 1037 1259 1078 urbe
1289 1035 1417 1089 lapis.

306 1104 384 1146 Bis
406 1104 491 1146 tria
514 1104 729 1146 maternis
752 1106 969 1147 accedunt
993 1105 1179 1160 pignora
1200 1104 1330 1153 votis,

363 1173 469 1215 Post
492 1174 632 1216 oculis
655 1189 884 1228 nunquam
908 1175 1020 1216 forte
1046 1174 1237 1216 videnda
1264 1173 1388 1215 meis.

307 1243 352 1284 Si
376 1243 475 1296 quis
499 1258 623 1285 amor
645 1244 816 1297 patriae
839 1250 921 1294 est,
946 1244 1078 1293 natis,
1104 1259 1212 1298 gens
1240 1258 1380 1293 sacra,
1404 1249 1650 1297 parentem,

366 1313 437 1353 Da
459 1314 666 1355 reducem
690 1313 813 1355 uxori
838 1328 1016 1355 cernere
1038 1328 1169 1368 posse
1191 1313 1349 1354 virum.

305 1382 393 1422 Aut
417 1396 498 1435 ego
522 1381 557 1423 si
581 1382 824 1436 quidquam
852 1382 992 1424 merui
1020 1383 1280 1437 peregrinus
1303 1388 1344 1423 et
1369 1381 1479 1430 exul,

367 1450 520 1491 Redde
542 1450 636 1492 viro
658 1465 856 1501 uxorem,
880 1451 1066 1506 pignora
1089 1452 1221 1493 redde
1244 1450 1374 1505 patri.

307 1518 474 1561 Oscula
496 1519 773 1573 coniugibus,
799 1519 972 1573 quoties
995 1520 1121 1562 dabis
1143 1519 1295 1562 oscula
1318 1519 1451 1569 natis,

367 1587 462 1637 Dic,
486 1587 637 1641 procul
660 1587 778 1637 hinc,
803 1594 968 1639 noster,
993 1603 1104 1643 quos
1127 1595 1265 1638 amat,
1289 1589 1452 1642 hospes
1475 1588 1625 1630 habet.
1863 1600 1943 1629 110

307 1658 435 1712 Quod
458 1657 538 1699 tibi
562 1658 819 1707 iucundum,
847 1658 930 1699 Dis
954 1658 1265 1707 arridentibus,
1292 1657 1353 1698 illi

367 1727 509 1768 Dulce
532 1726 613 1768 fuit
638 1728 877 1780 quondam,
902 1741 1020 1769 nunc
1045 1742 1217 1781 quoque
1241 1726 1368 1768 dulce
1390 1726 1516 1768 foret.

309 1795 354 1837 Si
378 1795 527 1837 minus
551 1796 637 1837 ista
659 1803 854 1846 movent,
879 1810 960 1838 nec
982 1796 1097 1838 tanti
1120 1803 1272 1838 nostra
1296 1796 1501 1837 videntur

365 1864 553 1911 Gaudia,
576 1879 646 1906 me
671 1864 880 1914 Domino,
905 1865 982 1906 sed
1005 1865 1107 1914 cito,
1133 1866 1266 1906 redde
1289 1879 1403 1906 meo.

312 1933 386 1974 Me
410 1933 606 1974 Domino
629 1933 717 1974 cito
740 1934 872 1975 redde
896 1948 1009 1983 meo,
1034 1933 1314 1975 iunctissima
1340 1933 1501 1975 vestris

367 2002 452 2057 Qui
476 2010 598 2044 tenet
622 2002 788 2044 invicta
811 2009 987 2057 sceptra
1013 2003 1230 2044 Britanna
1254 2017 1405 2043 manu.

311 2071 431 2112 Dum
453 2071 561 2120 fora,
586 2072 691 2112 dum
714 2071 815 2112 lites
838 2079 1058 2121 exercent,
1083 2072 1244 2114 debeor
1265 2071 1344 2120 illi,

370 2141 478 2181 Pars
501 2154 582 2194 ego
607 2140 788 2181 Paeonii
812 2141 1207 2194 quantulacunque
1230 2140 1366 2182 chori.

311 2209 393 2250 Ille
416 2223 578 2258 meam,
603 2222 716 2262 quae
738 2216 782 2250 te
806 2223 943 2263 penes
966 2215 1047 2259 est,
1073 2209 1162 2250 iam
1185 2209 1328 2263 poscit
1352 2209 1558 2263 opellam,

369 2279 429 2319 Et
453 2278 653 2332 queritur
673 2278 795 2320 rauci
819 2278 963 2333 iurgia
985 2278 1106 2320 lenta
1129 2278 1220 2320 fori.
1865 2290 1946 2319 120

311 2347 528 2402 Quodque
551 2347 684 2388 fidem
709 2354 903 2401 superat,
923 2347 1129 2401 precibus
1152 2362 1227 2388 rex
1250 2347 1442 2389 sustinet
1466 2347 1546 2397 uti,

372 2416 639 2470 Hesperiam
663 2430 742 2469 pro
765 2430 835 2457 me
859 2415 1157 2469 sollicitatque
1183 2417 1342 2458 Deam.

311 2484 481 2525 Annuit
504 2485 648 2526 oranti
674 2485 786 2534 Dea,
810 2499 923 2538 quae
944 2491 988 2526 te
1011 2485 1201 2539 protegit
1229 2484 1379 2534 armis,

372 2553 510 2595 Iussit
534 2560 576 2595 et
599 2553 796 2595 illustres
819 2554 992 2607 pondus
1015 2553 1177 2595 habere
1200 2568 1367 2608 preces.

314 2622 360 2663 Si
385 2621 536 2676 Regis,
562 2621 597 2663 si
622 2636 785 2677 magna
810 2622 934 2663 Deae
957 2628 1023 2663 est
1047 2628 1089 2663 et
1113 2636 1240 2664 sacra
1262 2628 1478 2676 potestas,

372 2692 490 2733 Vota
511 2690 591 2732 tibi
617 2691 754 2744 Regis
778 2691 866 2732 sint
889 2697 1001 2740 rata,
1026 2690 1148 2732 iussa
1173 2691 1311 2732 Deae.

314 2761 396 2802 Ast
419 2774 500 2815 ego
523 2759 627 2813 quid
652 2759 858 2802 stimulos
881 2760 1065 2802 demens
1089 2760 1369 2802 currentibus
1391 2761 1520 2809 addo,

233 2905 303 2938 127.
331 2896 522 2937 Stimulos]
570 2896 751 2929 σπεύδοντα
767 2898 817 2928 καὶ
837 2896 935 2929 αὐτόν
951 2897 1102 2939 ὀτρύνεις,
1122 2898 1284 2929 Homer’s
1299 2896 1406 2934 Iliad,
1423 2898 1530 2937 8·246.
1579 2898 1643 2929 See
1660 2896 1682 2930 l.
1701 2906 1739 2937 41
1759 2896 1799 2929 of
1809 2896 1911 2929 VIII.
