2594 3749
687 332 768 375 190
1491 327 1728 361 PARERGA.

742 917 914 958 XXIX.
958 917 1042 958 AD
1082 918 1378 960 DAVIDEM
1418 917 2012 966 WEDDERBURNUM,
2048 916 2427 959 LUDIMAGIS-

870 996 1054 1039 TRUM
1091 998 1640 1047 ABREDONENSEM,
1675 997 1931 1039 AMICUM
1969 995 2296 1039 VETEREM.

857 1134 1014 1178 Cernis
1037 1142 1084 1177 ut
1107 1137 1325 1191 obrepens
1348 1136 1472 1187 mihi,
1496 1136 1848 1184 Wedderburne‚
1873 1141 2053 1177 senecta

916 1203 1137 1258 Sparserit
1161 1204 1368 1259 indignas
1392 1219 1468 1259 per
1489 1211 1622 1259 caput
1647 1218 1777 1245 omne
1804 1204 1940 1246 nives.

859 1272 1015 1314 Debile
1040 1273 1087 1314 fit
1111 1287 1288 1328 corpus,
1313 1273 1454 1328 pulsis
1485 1273 1742 1315 melioribus
1765 1272 1909 1323 annis,

917 1342 1010 1383 Nec
1033 1342 1158 1396 vigor
1180 1342 1362 1396 ingenii,
1387 1342 1462 1397 qui
1484 1341 1566 1384 fuit
1589 1348 1709 1392 ante,
1734 1342 1843 1384 mihi
1866 1348 1949 1384 est.

856 1409 1078 1465 Tempore
1103 1417 1290 1460 mutato,
1316 1425 1462 1453 mores
1485 1417 1717 1453 mutantur
1742 1417 1784 1452 et
1811 1410 1910 1465 ipsi,

916 1481 1010 1521 Nec
1033 1480 1183 1534 capior
1205 1479 1379 1530 studiis,
1405 1494 1518 1534 quae
1545 1480 1751 1534 placuere
1774 1480 1911 1534 prius.

857 1550 972 1590 Ante
996 1548 1116 1590 leves
1138 1548 1254 1591 risus
1277 1555 1320 1591 et
1344 1555 1469 1591 erant
1493 1549 1706 1591 iocularia
1729 1549 1866 1600 cordi,

917 1619 1048 1660 Nunc
1071 1632 1141 1660 me
1164 1632 1392 1660 morosum
1416 1618 1728 1672 difficilemque
1750 1618 1886 1661 vides.

862 1687 1005 1728 Prona
1026 1687 1075 1728 fit
1099 1686 1144 1728 in
1167 1686 1285 1729 rixas
1307 1701 1449 1737 mens,
1474 1694 1517 1729 et
1540 1686 1748 1742 proclivis
1771 1687 1815 1729 in
1838 1687 1940 1738 iras,

916 1756 975 1797 Et
1000 1755 1123 1798 senio
1146 1755 1268 1810 peior
1290 1770 1397 1799 cura
1420 1756 1572 1799 senilis
1595 1756 1699 1799 edit.
2436 1770 2488 1799 10

860 1824 946 1866 His
969 1839 1064 1879 ego,
1089 1840 1202 1879 quae
1225 1840 1423 1880 possum,
1449 1840 1612 1880 quaero
1635 1825 1933 1868 medicamina
1961 1825 2141 1876 morbis,

916 1895 974 1936 Et
998 1894 1131 1945 mala,
1156 1909 1244 1949 qua
1266 1894 1333 1937 fas
1356 1901 1438 1945 est,
1462 1895 1625 1950 pellere
1648 1895 1766 1938 nitor
1786 1910 1884 1950 ope.

859 1964 1000 2018 Saepe
1024 1964 1140 2017 quod
1164 1963 1287 2018 exegi
1310 1963 1495 2018 pridem,
1519 1963 1710 2006 iuvenile
1736 1964 1913 2006 revolvo

914 2031 1127 2086 Tempus,
1152 2039 1194 2075 et
1218 2032 1262 2074 in
1286 2039 1483 2074 mentem
1507 2039 1556 2075 tu
1580 2032 1689 2075 mihi
1713 2047 1846 2087 saepe
1870 2032 2002 2075 redis.

861 2101 958 2151 Par,
985 2101 1182 2151 memini,
1207 2116 1308 2143 cum
1333 2108 1485 2144 noster
1507 2116 1632 2143 amor
1654 2116 1700 2144 se
1724 2101 1930 2156 prodidit,
1955 2108 2095 2152 aetas,

918 2171 1003 2212 Par
1023 2170 1182 2223 genius
1205 2170 1333 2212 nobis
1355 2170 1674 2225 ingeniumque
1697 2170 1794 2213 fuit.

861 2239 990 2280 Unus
1013 2246 1055 2280 et
1078 2240 1210 2281 ardor
1230 2246 1338 2289 erat,
1366 2239 1532 2281 Phoebi
1556 2241 1852 2281 conscendere
1875 2239 2049 2289 collem,

917 2308 1058 2361 Inque
1082 2307 1184 2361 iugo
1207 2321 1384 2350 summo
1407 2308 1563 2350 sistere
1586 2323 1715 2362 posse
1739 2309 1910 2363 pedem.

857 2375 922 2417 Te
949 2376 1078 2430 prior,
1104 2376 1291 2419 infirmis
1315 2392 1396 2430 ego
1418 2377 1548 2419 nixus
1571 2377 1614 2418 in
1638 2379 1774 2419 ardua
1798 2377 1969 2431 pennis,

918 2446 1240 2496 Monstrabam,
1266 2446 1464 2496 memini,
1489 2461 1575 2500 qua
1599 2460 1845 2500 sequerere,
1869 2445 2001 2488 viam.
2433 2458 2486 2487 20

860 2514 991 2556 Nunc
1014 2528 1164 2556 comes
1188 2516 1415 2569 urgebam,
1440 2515 1614 2557 blandis
1638 2515 1889 2557 hortatibus
1912 2514 2102 2564 instans,

916 2583 974 2624 Et
998 2582 1228 2625 festinanti
1252 2597 1340 2625 non
1364 2583 1458 2626 leve
1481 2583 1629 2626 calcar
1659 2598 1796 2626 eram.

821 2726 851 2762 5.
877 2717 1045 2759 Tempore
1062 2720 1222 2760 mutata]
1267 2720 1295 2750 A
1312 2719 1480 2751 variation
1497 2729 1542 2752 on
1559 2720 1617 2752 the
1633 2719 1850 2752 well-known
1868 2719 2046 2758 (medieval
2067 2719 2181 2761 Latin)
2199 2719 2309 2751 line—

1145 2778 1164 2791 “
1180 2774 1350 2815 Tempora
1367 2780 1541 2806 mutantur
1557 2779 1591 2806 et
1609 2784 1671 2806 nos
1688 2780 1858 2806 mutamur
1875 2774 1908 2804 in
1927 2774 2025 2809 illis?

684 2835 733 2862 or,
751 2834 788 2857 as
808 2827 864 2857 Dr.
885 2827 1011 2858 Melvin
1029 2837 1100 2860 was
1117 2834 1210 2860 wont
1228 2834 1264 2860 to
1281 2833 1409 2860 correct
1427 2827 1495 2859 it—

1144 2882 1347 2923 “Tempora
1364 2889 1555 2914 mutantur:
1581 2892 1644 2914 nos
1660 2888 1693 2913 et
1710 2888 1879 2914 mutamur
1897 2882 1929 2913 in
1948 2881 2014 2913 illis
2026 2884 2054 2913 ”.

2530 2900 2533 2915 »

820 2935 850 2964 6.
876 2935 972 2976 Quae
990 2936 1145 2977 placuere
1162 2937 1279 2977 prius.]
1329 2937 1403 2967 The
1419 2937 1530 2969 whole
1547 2937 1651 2969 strain
1669 2937 1818 2968 reminds
1835 2937 1874 2969 of
1887 2937 1985 2973 Ovid,
2002 2938 2065 2978 Ep.
2083 2947 2121 2968 cx
2138 2937 2268 2974 Ponto..
2291 2937 2315 2967 1.
2334 2946 2386 2976 4·4
2404 2937 2462 2976 (5).
2529 2922 2532 2991 l

2528 3093 2529 3112 l
