2594 3749
695 326 777 367 228

1470 335 1709 368 PARERGA.

930 452 1016 495 Hic
1040 453 1112 495 ubi
1138 454 1267 495 Mosa
1290 452 1382 495 suis
1404 452 1580 495 moenia
1603 452 1760 495 lambit
1783 452 1927 507 aquis.

872 523 959 564 Hic
982 530 1128 565 tecum
1153 523 1378 564 Turraeus
1400 530 1514 571 ovat,
1538 522 1677 577 patris
1699 522 1877 565 aemula
1901 522 2062 577 proles,

929 592 987 633 Et
1011 591 1154 645 quatit
1180 591 1418 633 indomitos
1441 591 1777 645 pulverulentus
1799 605 1951 645 equos.

872 661 1001 701 Nunc
1025 675 1204 714 gressus
1225 661 1472 714 glomerare
1499 662 1638 709 docet,
1661 675 1779 702 nunc
1807 674 1985 714 surgere
2008 659 2050 700 in
2075 674 2206 702 auras

927 730 1281 784 Quadrupedem,
1303 729 1462 782 exiguo
1485 743 1602 770 nunc
1626 736 1742 770 rotat
1766 730 1868 771 orbe
1892 743 2012 782 puer.

872 798 998 852 Quod
1023 798 1058 838 si
1081 798 1192 839 forte
1216 798 1336 839 iuvat
1361 797 1509 839 studia
1531 812 1733 839 exercere
1759 798 1949 847 Dianae,

931 866 1135 908 Proxima
1158 880 1270 920 quas
1292 873 1421 920 optas
1443 868 1518 908 dat
1542 867 1620 908 tibi
1645 867 1756 908 silva
1778 867 1904 908 feras.

872 936 958 977 Hic
981 951 1134 978 cervos
1156 936 1324 978 ambire
1347 936 1505 990 plagis,
1529 942 1571 978 et
1595 936 1728 990 figere
1750 937 1921 986 damas,

929 1006 1016 1048 Hic
1039 1012 1166 1060 potes
1189 1005 1233 1047 in
1255 1011 1405 1047 torvos
1431 1005 1684 1047 comminus
1706 1005 1767 1047 ire
1791 1019 1908 1047 sues,

871 1074 1068 1116 Saltibus
1090 1088 1297 1128 egressus
1320 1073 1477 1116 mediis
1500 1073 1544 1115 in
1567 1074 1757 1116 vallibus
1779 1088 1957 1116 amnem

927 1144 1102 1198 Aspice,
1126 1143 1199 1198 qui
1223 1143 1341 1185 laeto
1362 1143 1546 1185 flumine
1572 1143 1685 1185 ditat
1716 1157 1859 1198 agros

871 1214 1004 1254 Prata
1027 1212 1151 1267 vagis
1173 1212 1423 1253 hilarantur
1443 1211 1586 1266 aquis.
1651 1212 1738 1254 Hic
1765 1212 1947 1255 fioribus
1969 1213 2092 1254 halat

929 1283 1113 1336 Semper
1135 1287 1176 1322 et
1200 1281 1354 1322 innato
1377 1280 1544 1322 murice
1567 1280 1679 1322 ridet
1703 1281 1877 1322 humus.

872 1350 958 1392 Hic
984 1349 1127 1392 Maria
1150 1355 1322 1391 exercet
1345 1349 1544 1400 choreas,
1569 1349 1756 1392 Tui-reia
1779 1350 1937 1405 proles,

927 1421 1072 1475 Quam
1096 1419 1175 1461 tibi
1199 1426 1429 1461 maternus
1452 1419 1668 1474 sanguine
1691 1419 1833 1461 iunxit
1856 1433 1981 1461 avus.

870 1490 929 1530 Et
953 1488 1160 1531 Charites
1183 1487 1348 1530 mixtae
1372 1488 1558 1530 comites
1582 1503 1658 1543 per
1679 1495 1806 1542 prata
1828 1495 2075 1543 vagantum

928 1559 1181 1612 Crebraque
1204 1572 1454 1612 purpureus
1476 1557 1647 1612 spicula
1669 1557 1813 1600 vibrat
1837 1559 1987 1599 Amor.

869 1628 968 1682 Qua
993 1628 1090 1668 Dea
1110 1627 1193 1668 fert
1213 1640 1433 1681 gressum,
1456 1626 1590 1668 tellus
1612 1626 1807 1681 exspirat
1831 1641 2087 1668 amomum:

929 1697 987 1737 Et
1012 1697 1166 1737 Venus
1192 1695 1333 1737 Idalia
1355 1695 1558 1749 gramina
1582 1695 1724 1750 pingit
1748 1709 1844 1737 acu.

872 1764 1036 1807 Fundit
1060 1765 1224 1806 humus
1246 1764 1402 1814 violas,
1425 1771 1604 1806 teneros
1626 1763 1698 1806 ubi
1722 1763 1817 1818 figit
1841 1764 2016 1813 ocellos,

928 1833 1135 1888 Explicat
1159 1840 1202 1875 et
1224 1847 1384 1876 vernas
1407 1832 1634 1875 luxuriosa
1657 1847 1791 1875 rosas.

869 1902 1145 1957 Amfflgeres,
1169 1902 1371 1957 rapiatne
1393 1901 1520 1952 rosis,
1544 1901 1769 1944 tribuatne
1792 1902 2010 1950 ruborem,

928 1972 1053 2027 Quae
1075 1971 1188 2013 nitet
1211 1971 1255 2012 in
1278 1970 1418 2012 niveis
1441 1985 1635 2025 purpura
1658 1977 1765 2012 nata
1786 1969 1928 2025 genis.

870 2044 949 2082 Ast
973 2055 1054 2095 ego
1079 2041 1310 2082 Phoebeos
1332 2040 1494 2082 frustra
1522 2039 1775 2082 sufflamino
1798 2053 1978 2081 currus:

929 2109 1200 2163 Praecipites
1221 2110 1385 2152 frustra
1407 2109 1562 2151 sistere
1585 2123 1720 2151 conor
1742 2123 1894 2163 equos

870 2178 939 2220 Tu
963 2193 1072 2233 puer
1093 2178 1155 2220 ire
1178 2193 1323 2233 paraS‚
1347 2178 1563 2220 fruiturus
1587 2179 1773 2221 Castore
1799 2178 1982 2220 Pollux:

930 2248 1119 2301 Statque
1142 2247 1258 2289 celer
1281 2254 1478 2289 moestas
1501 2247 1708 2301 Cyllarus
1731 2254 1835 2289 ante
1858 2247 1988 2289 fores.

874 2316 1040 2358 Invitat
1063 2322 1106 2358 te
1129 2316 1279 2358 fratris
1301 2331 1439 2366 amor,
1464 2316 1793 2371 Nymphaeque
1816 2330 2003 2366 sororeS,

930 2387 989 2428 Et
1012 2385 1203 2441 genitrix
1225 2385 1394 2441 primas
1415 2385 1531 2427 inter
1557 2385 1761 2428 habenda
1786 2386 1923 2427 Deas.

873 2455 1084 2510 Nympha
1108 2454 1350 2497 Caledonio
1372 2461 1471 2497 sata
1493 2469 1610 2509 rege,
1634 2469 1852 2509 puerpera
1875 2453 1998 2496 fratri

931 2525 1071 2566 Facta
1093 2523 1269 2575 iterum,
1293 2530 1480 2567 cunctas
1501 2523 1665 2578 rumpit
1691 2523 1819 2565 Eliza
1842 2537 2005 2565 moras.

701 2767 757 2797 the
776 2766 891 2807 family
909 2776 1008 2797 name
1024 2766 1063 2798 os
1075 2766 1133 2797 the
1150 2766 1231 2797 then
1251 2766 1348 2798 Duke
1365 2766 1405 2798 of
1418 2765 1590 2803 Bouillon,
1609 2765 1677 2797 and
1693 2765 1750 2797 the
1767 2764 1881 2806 ruling
1897 2765 2004 2796 house
2021 2763 2060 2795 of
2073 2762 2196 2795 Sedan.

815 2822 866 2851 32.
893 2820 1075 2860 Cyllarus]
1121 2820 1195 2851 The
1212 2830 1311 2851 name
1329 2821 1377 2852 for
1396 2821 1546 2852 Castor's
1563 2819 1670 2851 steed.
2534 2853 2537 2862 Ι

816 2876 867 2914 85.
894 2874 1055 2915 Nympha
1085 2872 1301 2918 Caledonia]
1365 2875 1541 2916 Daughter
1571 2874 1612 2906 of
1635 2874 1751 2915 James
1782 2874 1841 2905 VI.
1871 2873 1910 2904 os
1937 2871 2111 2910 Scotland,
2147 2870 2224 2908 viz.‚
2252 2871 2311 2902 the
2343 2869 2495 2901 Princess

705 2928 893 2960 Elizabeth.
948 2929 1028 2967 (See
1055 2929 1121 2959 No.
1146 2929 1259 2967 VIII.)

2439 729 2560 784 60ι

2580 797 2585 813 i

2442 1422 2553 1483 70}

2442 2075 2579 2149 80¹¹

815 2723 866 2753 57.
892 2711 1089 2751 Turraeus.]
1134 2711 1231 2749 This,
1243 2712 1309 2743 and
1326 2711 1523 2743 afterwards
1537 2711 1569 2742 in
1584 2711 1606 2742 l.
1620 2712 1673 2751 69,
1687 2710 1840 2748 Turreia‚
1857 2714 2032 2751 represent
2046 2709 2103 2740 the
2116 2708 2223 2740 house
2237 2709 2276 2740 of
2285 2708 2336 2740 De
2349 2707 2383 2740 la
2395 2707 2495 2746 Tour‚

2583 1651 2586 1660 Α
2583 1611 2586 1635 --
2583 1505 2587 1581 —-.-
2578 1166 2592 1496 -s--.-—.—.-‚..-
