2594 3749
720 294 788 326 ΟΝ
824 295 1096 327 RAPACIOUS
1129 295 1342 327 SAILORS.

333 412 474 454 Vulsa
495 427 645 467 pecus,
670 418 847 463 nautas,
872 418 920 454 ut
943 426 1054 462 reor,
1079 413 1224 454 Oreus
1246 411 1395 454 habet.

278 483 471 536 Magnus
494 481 760 536 Aristippus,
785 496 898 536 quae
921 481 977 523 sit
1000 480 1163 523 fiducia
1186 479 1336 522 nautis

334 551 512 601 Debita,
537 551 708 592 iactura
731 557 800 592 sat
823 551 951 592 docet
974 550 1068 604 ipse
1091 563 1186 591 sua.

277 619 364 662 Hic
386 626 481 662 rate
504 621 724 662 conducta
746 619 914 674 patrias
935 620 1041 661 dum
1064 618 1282 672 linqueret
1305 631 1420 667 oras,

334 689 534 745 Exiguas
552 704 704 732 secum
727 689 839 731 forte
860 689 1029 731 ferebat
1052 702 1172 742 opes.

277 760 329 801 In
353 766 486 814 caput
509 759 700 801 insontis
721 759 813 801 fera
835 772 945 813 gens
967 757 1207 811 conspirat,
1232 762 1275 798 et
1299 755 1394 798 auri

334 830 470 871 Sacra
491 829 633 871 fames
655 828 760 870 diris
784 842 982 883 mergere
1004 826 1133 869 iussit
1156 825 1298 880 aquis.

277 899 461 954 Detegit
483 899 554 940 ille
577 898 715 949 dolos,
740 905 797 948 et,
823 898 897 953 qui
920 897 1035 952 regis
1058 910 1267 951 aequora,
1293 896 1457 944 Nereu,

332 969 451 1011 Affer
472 983 615 1023 opem,
641 975 683 1010 et
706 967 897 1023 pretium
921 981 1047 1009 sume
1070 965 1242 1015 salutis,
1268 964 1344 1007 ait.

277 1040 370 1081 Nec
394 1053 532 1088 mora,
553 1040 669 1092 quod
693 1038 851 1080 metuit
874 1037 1142 1086 nociturum,
1167 1034 1339 1090 proiicit
1363 1048 1521 1077 aurum
1541 1050 1549 1075 :

335 1108 407 1151 Sic
429 1108 540 1163 fugit
563 1107 762 1157 insidias,
787 1107 1057 1161 eripiturque
1080 1104 1192 1147 neci.

278 1178 392 1235 Quid
416 1193 658 1220 memorem
681 1177 870 1227 facinus,
896 1177 1034 1220 Chiae
1056 1175 1227 1218 telluris
1249 1174 1293 1215 in
1317 1173 1405 1215 oris

333 1250 455 1290 Ausa
478 1249 593 1301 quod
617 1247 660 1288 in
687 1247 917 1289 Bacchum
941 1247 1072 1288 turba
1095 1244 1268 1286 marina
1289 1243 1405 1285 fuit?

277 1318 365 1359 Hic
388 1332 573 1372 puerum
596 1317 787 1370 vinoque
809 1330 1005 1370 gravem,
1030 1328 1275 1367 somnoque
1299 1311 1539 1366 sepultum,

334 1387 560 1442 Repperst,
586 1393 628 1428 et
653 1392 784 1440 capto
806 1385 1004 1434 numine,
1029 1383 1127 1426 vela
1149 1382 1283 1424 dedit.

278 1457 372 1499 Nec
396 1457 554 1498 modus
577 1462 643 1498 est
667 1454 847 1503 sceleri3
882 1453 1039 1495 miscet
1063 1451 1254 1507 periuria
1276 1451 1394 1492 facto

336 1525 495 1580 Impia,
520 1524 746 1579 captivum
770 1523 1058 1576 ludificatque
1083 1522 1246 1563 Deum.

278 1596 452 1636 Fraude
474 1594 622 1648 palam
645 1594 765 1635 facta
787 1591 932 1634 scelus
955 1598 1021 1633 est
1045 1605 1126 1632 sua
1148 1604 1292 1644 poena
1315 1595 1518 1642 sequuta,

336 1663 487 1706 Induit
511 1670 553 1705 et
576 1662 727 1705 vultus
750 1663 880 1704 turba
903 1661 1088 1716 profana
1110 1674 1263 1701 novos.

277 1733 422 1788 Terga
445 1733 588 1775 nitent
612 1732 837 1786 squamis3
872 1738 914 1773 et
939 1745 1049 1784 quas
1073 1730 1204 1771 modo
1227 1742 1373 1783 puppe
1397 1728 1593 1777 secabat,

336 1804 471 1845 Liber
492 1817 630 1845 ovans
653 1801 801 1856 pinnis
823 1802 990 1842 findere
1012 1799 1141 1841 iussit
1165 1813 1321 1852 aquas.

279 1873 324 1916 Si
348 1872 455 1914 mihi
478 1873 546 1915 vel
571 1871 743 1926 Superi,
766 1870 835 1913 vel
858 1885 986 1912 mens
1008 1884 1096 1910 non
1119 1868 1246 1910 laeva
1268 1867 1438 1917 fuisset,

337 1943 567 1996 Exemplis
589 1948 789 1996 poteram
814 1940 987 1982 cautior
1008 1953 1104 1981 esse
1127 1938 1283 1979 tribus.

280 2014 365 2054 Sed
389 2012 497 2052 mihi
520 2011 646 2053 laeva
668 2011 750 2052 fuit
774 2024 915 2059 mens,
941 2016 982 2050 et
1006 2023 1092 2058 me,
1117 2007 1300 2049 nurnine
1323 2006 1463 2055 laevo,

338 2082 527 2123 Credere
550 2079 715 2122 crudeli
738 2079 865 2121 iussit
889 2077 1002 2120 ovile
1024 2078 1142 2131 lupo.

282 2151 508 2192 Debuerat
532 2149 691 2191 saltem
717 2148 1009 2203 Methymnae
1032 2145 1171 2200 gloria
1193 2145 1309 2187 vatis

339 2218 556 2273 Exemplo
577 2224 727 2260 vatem
751 2216 1086 2272 praemonuisse
1110 2229 1205 2256 suo.

282 2289 430 2337 Hunc,
454 2287 623 2342 patrios
645 2289 751 2329 dum
774 2286 885 2328 forte
908 2285 1018 2339 petit
1041 2284 1190 2339 gravis
1213 2298 1312 2325 aere
1335 2289 1535 2337 penates,

340 2357 550 2398 Destinat
573 2356 781 2397 infandae
805 2369 914 2409 gens
936 2354 1111 2408 piceata
1134 2352 1246 2394 neci.

282 2426 430 2468 Sensit
449 2432 496 2467 ut
519 2425 720 2474 insidias,
745 2423 923 2466 Vectori
947 2422 1116 2477 parcite
1138 2427 1300 2470 vestro,

339 2497 406 2537 De
429 2509 560 2549 grege
585 2493 785 2537 Castalio
808 2507 924 2548 pam,
950 2492 1026 2541 ait,
1053 2506 1141 2533 una
1165 2504 1336 2532 sumus.

283 2566 425 2620 Quem
448 2564 635 2606 colimus
656 2570 798 2612 vates,
824 2561 1040 2617 Pythonis
1062 2560 1204 2602 tincta
1227 2572 1381 2601 cruore

338 2633 450 2675 Tela
475 2634 586 2683 Deo,
611 2632 767 2686 longas
791 2631 914 2673 scitis
937 2637 979 2672 et
1003 2644 1101 2671 esse
1125 2643 1300 2670 manus.

283 2704 452 2744 Forsan
476 2709 519 2744 et
542 2702 635 2756 ipse
658 2708 785 2756 pater
808 2701 1027 2754 Supenim
1052 2713 1129 2753 pro
1152 2697 1335 2739 crimine
1358 2710 1526 2751 poenas

374 2851 426 2889 63.
454 2850 544 2880 Dum
566 2849 759 2890 linqueret.]
805 2847 860 2889 Cf.
885 2853 966 2879 note
983 2857 1027 2879 on
1049 2849 1067 2863 “
1085 2847 1203 2877 Dum’⁷
1222 2845 1255 2876 in
1272 2844 1384 2881 V1.‚l.
1406 2854 1436 2884 3.

376 2905 428 2944 85.
454 2904 678 2944 Methymnae
695 2903 833 2944 gloria.]
879 2901 952 2933 The
970 2907 1063 2941 story
1079 2901 1119 2932 of
1130 2900 1233 2931 Arion
1251 2898 1319 2930 and
1335 2898 1393 2929 the
1412 2897 1575 2939 Dolphin.

1825 272 1905 341 1o3

1851 415 1906 455 60

1858 1797 1912 1837 80

1859 2501 1914 2542 90
