2594 3749
1491 305 1728 339 PARERGA.

1040 933 1122 975 XI.
1157 933 1239 974 AD
1275 933 1500 975 REGEM
1535 933 1669 976 CAL.
1705 934 2002 976 IANUARII
2039 934 2162 987 1623.

876 1072 1010 1113 Festa
1032 1071 1125 1113 dies
1150 1072 1260 1113 Iano
1283 1076 1364 1112 est.
1428 1072 1554 1127 Quae
1578 1072 1674 1113 Rex
1696 1071 1774 1114 tibi
1797 1073 1914 1114 dona
1936 1086 2159 1126 paremus,

932 1140 1017 1196 Qui
1041 1140 1269 1195 sequimur
1292 1141 1520 1182 Phoebum
1546 1140 1832 1195 Pieridasque
1855 1142 2024 1183 duces?

876 1210 1063 1251 Munera
1086 1216 1189 1251 sunt
1212 1224 1380 1263 regum,
1405 1224 1493 1251 non
1518 1224 1606 1251 uno
1628 1210 1796 1252 tinctus
1818 1210 1962 1252 aheno

931 1280 1116 1329 Comus
1141 1286 1183 1321 et
1209 1279 1394 1322 Oebalio
1416 1279 1583 1321 murice
1606 1279 1709 1321 lana
1731 1280 1910 1321 rubens.

872 1348 1200 1404 Quaesitaeque
1223 1349 1372 1403 procul
1401 1348 1580 1390 maioris
1603 1349 1798 1403 pondera
1819 1363 2038 1403 gemmae,

929 1419 1054 1474 Quae
1077 1419 1187 1460 nitet
1211 1418 1393 1460 artificis
1415 1418 1650 1460 nobilitata
1672 1433 1824 1460 manu.

873 1489 985 1530 Sunt
1009 1489 1169 1542 quibus
1192 1489 1235 1529 in
1259 1489 1398 1543 pretio
1421 1495 1488 1530 est
1511 1488 1687 1530 catulus
1709 1490 1762 1530 de
1785 1494 1916 1543 gente
1942 1488 2140 1531 Molossa

928 1559 1109 1608 Lectus,
1133 1565 1175 1600 et
1199 1558 1414 1600 Aemonio
1437 1559 1490 1600 de
1512 1572 1643 1612 grege
1666 1557 1829 1600 missus
1852 1572 2007 1612 equus.

870 1628 928 1669 Et
952 1642 1065 1682 quae
1088 1628 1233 1669 mollis
1256 1628 1412 1678 Arabs,
1437 1634 1479 1669 et
1503 1642 1616 1681 quae
1637 1628 1719 1669 fert
1742 1627 1919 1669 decolor
1942 1628 2095 1678 Indus,

926 1696 1146 1752 Quicquid
1170 1704 1211 1738 et
1235 1697 1386 1751 ignoto
1409 1697 1568 1739 mercis
1591 1698 1645 1739 ab
1668 1698 1772 1739 orbe
1794 1696 1929 1739 venit.

869 1767 941 1808 Nil
966 1767 1099 1809 habet
1122 1766 1272 1808 infelix
1297 1767 1487 1808 Helicon
1511 1767 1614 1822 iuga
1636 1773 1823 1821 praeter,
1849 1773 1891 1808 et
1915 1767 2110 1817 umbras,

926 1837 984 1878 Et
1009 1836 1180 1878 steriles
1203 1837 1364 1886 lauros,
1392 1836 1646 1890 Pieriosque
1668 1837 1807 1878 lacus.

869 1905 955 1946 Hic
979 1919 1083 1959 ager
1105 1912 1170 1947 est
1193 1912 1373 1955 vatum;
1409 1911 1512 1947 sunt
1536 1919 1696 1947 census
1720 1905 1901 1959 plectra,
1927 1904 2149 1960 lyraeque,

925 1975 983 2015 Et
1007 1974 1101 2016 leve
1125 1975 1239 2027 quod
1265 1988 1439 2028 semper
1459 1973 1591 2015 tinnit
1616 1973 1659 2014 in
1687 1988 1792 2015 aure
1819 1973 1973 2014 melos.

867 2043 993 2083 Haec
1016 2043 1118 2083 dare
1141 2042 1229 2083 fors
1252 2056 1427 2096 possem
1446 2058 1454 2083 :
1487 2043 1563 2083 sed
1587 2041 1752 2096 spernit
1776 2056 1969 2096 purpura
1991 2055 2148 2095 nugas,

925 2111 997 2152 Nil
1023 2111 1294 2165 profecturos
1315 2111 1426 2152 ridet
1450 2117 1492 2152 et
1515 2111 1617 2152 aula
1641 2125 1787 2152 sonos.

868 2181 952 2222 Sed
976 2195 1118 2234 neque
1144 2180 1313 2222 Pactoli
1337 2180 1444 2221 mihi
1468 2180 1503 2221 si
1527 2180 1635 2222 fluat
1660 2180 1811 2222 alveus
1835 2193 1956 2230 auro,

926 2250 1172 2303 Iunctaque
1198 2249 1381 2291 Pactolo
1404 2249 1565 2291 serviat
1589 2250 1707 2290 unda
1729 2248 1841 2302 Tagi
1862 2264 1870 2297 ;

869 2320 994 2360 Haec
1017 2333 1098 2372 ego
1120 2318 1322 2360 fortunae
1345 2319 1448 2360 dare
1472 2333 1604 2360 coner
1624 2332 1809 2359 munera
1834 2317 1960 2371 Regi,

925 2388 1039 2429 Bina
1061 2388 1161 2429 licet
1186 2387 1282 2429 Iani
1306 2402 1383 2441 per
1404 2387 1540 2442 patris
1563 2401 1639 2429 ora
1661 2402 1802 2441 roges.

866 2456 1019 2498 Sidera
1042 2457 1140 2510 quis
1163 2456 1300 2505 caelo,
1325 2456 1423 2510 quis
1447 2456 1537 2498 Soli
1562 2456 1730 2497 lumina
1753 2470 1889 2497 sanus

924 2525 1105 2575 Offerat,
1131 2532 1205 2566 aut
1229 2526 1369 2567 lectas
1391 2525 1434 2566 in
1459 2540 1579 2567 mare
1601 2531 1745 2566 vectet
1769 2525 1941 2578 aquas?

866 2594 951 2649 Qui
976 2594 1199 2649 Chalybes
1221 2594 1348 2644 ferro,
1373 2594 1444 2648 qui
1469 2596 1604 2635 donat
1628 2595 1879 2647 quercubus
1905 2594 2046 2642 Idam,

809 2749 856 2780 13.
884 2740 952 2772 Hic
968 2750 1047 2782 ager
1063 2745 1114 2772 est
1131 2742 1275 2780 vatum]
1320 2741 1476 2772 Allusion
1494 2747 1529 2772 to
1546 2740 1602 2771 the
1620 2745 1760 2782 poverty
1777 2740 1816 2771 of
1830 2740 1932 2771 Poets
1949 2739 1982 2770 in
2000 2739 2057 2770 the
2073 2737 2209 2770 world's
2225 2737 2360 2769 wealth.

809 2805 857 2834 19.
884 2796 973 2827 Dare
989 2797 1117 2836 conen]
1162 2796 1236 2828 The
1254 2796 1420 2828 influence
1436 2797 1474 2827 of
1487 2796 1543 2827 the
1561 2796 1718 2836 negative
1736 2795 1768 2826 in
1786 2806 1887 2836 neque
1904 2795 2084 2826 continues
2102 2794 2134 2824 in
2153 2793 2220 2825 this
2237 2793 2408 2834 apodosis.

806 2859 856 2881 21.
883 2851 953 2881 Soli
978 2850 1133 2891 lumina]
1179 2851 1253 2882 The
1270 2851 1364 2882 track
1381 2851 1577 2891 osthought
1596 2851 1623 2881 is
1641 2861 1677 2881 as
1695 2850 1726 2880 in
1748 2850 2011 2890 Shakspere's—

1166 2916 1274 2946 “The
1291 2916 1478 2947 beauteous
1496 2926 1558 2956 eye
1574 2916 1612 2946 os
1625 2915 1754 2946 heaven
1773 2921 1809 2946 to
1827 2914 1965 2955 garnish
1981 2915 2012 2945 ‘'.

2446 1710 2498 1738 10
