2594 3749
712 338 974 371 ΒΟΗΕΜΙΑΝ
1009 339 1281 374 sTRUGGLE.
1842 336 1894 390 65

553 897 661 938 VII.
703 896 950 938 BIOMEA
988 896 1432 939 SARAVICTONI.

262 1091 387 1146 Quae
409 1089 550 1146 cupis,
573 1089 770 1145 inspexi:
804 1105 901 1140 nec,
926 1092 1042 1145 quod
1064 1091 1232 1141 rebare,
1257 1091 1445 1133 maritus

323 1160 422 1201 Hoc
444 1159 611 1202 vetuit:
645 1159 751 1214 quid
774 1159 892 1201 enim
915 1159 1065 1202 littera
1086 1159 1201 1201 lecta
1223 1160 1386 1201 nocet?

263 1230 350 1271 Sed
372 1228 477 1284 quid
500 1228 627 1284 agis?
662 1229 803 1271 lectae
825 1229 930 1283 quid
953 1236 996 1271 te
1019 1229 1167 1271 iuvere
1190 1229 1413 1272 tabellae?

321 1297 409 1340 Hic
431 1305 510 1340 tua
531 1305 580 1340 tu
603 1298 779 1353 propria
801 1297 988 1341 crimina
1010 1298 1157 1353 pingis
1179 1313 1276 1340 acu.

261 1366 409 1409 Stulta
432 1367 705 1422 superstitio,
730 1366 958 1418 iactantia,
983 1368 1158 1422 probra,
1181 1367 1400 1422 tyrannis,

321 1437 380 1478 Et
402 1436 523 1478 furor
543 1443 586 1478 et
609 1436 801 1488 fraudes,
826 1451 939 1490 quae
961 1436 1144 1486 latuere,
1168 1443 1334 1491 patent.

261 1506 318 1546 At
341 1504 501 1547 saltem
524 1519 716 1547 vacuum
740 1504 905 1547 servari
929 1504 1116 1547 crimine
1136 1504 1271 1547 limen

320 1573 500 1623 Debuit,
524 1581 567 1616 et
589 1573 733 1628 prima
755 1574 898 1616 fronte
920 1573 1060 1616 nitere
1083 1575 1238 1629 pudor.

262 1642 411 1685 Prima
434 1649 585 1684 carent
608 1641 802 1698 lymphis
825 1657 938 1697 quae
960 1643 1139 1697 praebet
1162 1642 1322 1697 pocula
1345 1657 1513 1697 eaupo;

321 1711 472 1754 Prima
493 1711 722 1766 lupanaris
745 1712 879 1754 ianua
900 1711 1053 1754 fraude
1074 1718 1220 1754 vacat.
1844 1725 1894 1754 10

262 1779 494 1822 Vestibulo
517 1779 774 1836 imprudens
795 1780 995 1822 fraudem
1019 1787 1068 1823 tu
1091 1780 1240 1836 prodis
1262 1780 1306 1822 in
1330 1780 1438 1835 ipso,

320 1850 456 1898 Dum,
481 1850 597 1903 quod
615 1863 676 1898 eS‚
701 1848 915 1899 occultas,
939 1856 982 1890 et
1006 1848 1245 1891 manifesta
1267 1863 1419 1903 negas.

262 1919 386 1974 Quae
407 1917 574 1960 famam
601 1917 788 1968 calamo,
813 1917 1014 1972 iugulum
1039 1932 1139 1960 cum
1165 1917 1352 1972 coniuge
1377 1917 1491 1958 ferro

317 1986 513 2042 Appetit,
538 1986 714 2029 hostilis
736 2001 824 2028 non
847 1986 930 2029 erit
954 1986 1028 2029 illa
1051 1988 1247 2029 manus?

260 2055 440 2099 Crimen
463 2055 667 2098 adulterii
690 2056 937 2111 praetexis;
973 2056 1141 2098 seilicet
1165 2062 1212 2098 ut
1236 2056 1320 2097 sim

320 2126 417 2167 Iam
439 2124 558 2179 lupa,
582 2139 637 2166 ne
658 2125 808 2167 forsan
830 2131 878 2166 tu
901 2124 1077 2167 videare
1100 2125 1241 2179 lupus.

262 2193 387 2236 Felix
409 2201 526 2236 sorte
550 2209 631 2236 sua
653 2193 846 2236 coniunx
872 2193 1082 2236 Plutonia
1101 2208 1111 2243 ;
1145 2201 1273 2248 rapta
1295 2200 1361 2235 est

320 2261 402 2304 Illa
424 2262 617 2316 quidem,
640 2262 807 2304 famam
832 2264 907 2304 sed
931 2261 1025 2303 sine
1047 2262 1144 2304 labe
1168 2269 1305 2304 tenet.

261 2331 340 2372 Vis
362 2337 440 2373 tua
462 2330 614 2373 iuncta
636 2331 794 2385 probro
817 2337 898 2372 est.
963 2332 1049 2373 Sed
1073 2345 1151 2372 cur
1172 2331 1405 2386 opprobria
1428 2331 1526 2373 fuco

320 2401 423 2441 Non
446 2400 593 2454 tegis?
629 2406 694 2442 est
717 2399 838 2442 fraus
861 2400 972 2442 haec
995 2401 1113 2442 nuda
1137 2407 1383 2455 patensque
1407 2399 1555 2441 nimis.
1840 2414 1892 2441 20

262 2469 347 2524 Qui
373 2469 560 2510 Biomea
581 2468 646 2510 tui
668 2468 880 2510 violasset
903 2468 1081 2510 foedera
1103 2468 1220 2518 lecti,

318 2536 513 2579 Alterius
535 2529 647 2591 quae
669 2543 765 2579 tum
790 2536 991 2591 coniugis
1014 2551 1123 2578 uxor
1144 2544 1238 2579 erat
1256 2538 1272 2578 ?

260 2607 403 2662 Quem
428 2605 552 2657 mihi,
577 2620 656 2648 nec
679 2606 865 2661 pridem,
890 2613 1132 2661 rapuerunt
1159 2606 1266 2656 sata,
1291 2612 1517 2660 superstes

317 2675 397 2717 Vir
417 2674 514 2726 fuit,
539 2674 698 2718 admisi
721 2689 827 2717 num
851 2675 985 2717 simul
1008 2689 1096 2717 una
1118 2676 1229 2717 duos
1248 2676 1264 2716 ?

222 2854 253 2884 9.
280 2844 407 2876 Carent
422 2842 597 2886 lymphis.]
650 2843 717 2881 i.e.,
734 2843 763 2875 is
778 2843 965 2875 undiluted.
1006 2847 1027 2861 ‘⁴
1038 2843 1133 2875 First
1148 2843 1206 2875 the
1224 2843 1315 2884 good
1330 2843 1430 2881 wine,
1446 2841 1634 2884 afterward
1649 2841 1705 2873 the
1722 2842 1866 2874 worse.''

204 2908 254 2938 13.
281 2897 425 2930 Calamo
449 2922 456 2930 .
484 2923 491 2932 .
519 2922 527 2930 .
552 2898 664 2938 ferra]
719 2899 886 2940 Coniuge,
904 2898 969 2935 i.e.,
986 2898 1122 2930 calami.
1171 2899 1240 2929 Pen
1258 2897 1325 2929 and
1342 2897 1502 2939 penknife
1518 2907 1574 2929 are
1602 2899 1622 2914 ‘⁸
1638 2896 1802 2942 coniuges
1817 2898 1845 2931 ''.

201 2961 252 2986 21.
280 2953 357 2999 Qui,
377 2953 546 2996 Biomea.]
590 2953 667 2999 Qui,
685 2954 774 2991 here,
792 2953 820 2985 is
837 2953 1075 2994 interrogative
1092 2967 1120 2980 =
1140 2954 1230 2984 How
1245 2953 1257 2987 ?

979 3010 992 3047 1
