<?xml version="1.0" encoding="UTF-8"?>
<!DOCTYPE html PUBLIC "-//W3C//DTD XHTML 1.0 Transitional//EN"
    "http://www.w3.org/TR/xhtml1/DTD/xhtml1-transitional.dtd">
<html xmlns="http://www.w3.org/1999/xhtml" xml:lang="en" lang="en">
 <head>
  <title>
</title>
<meta http-equiv="Content-Type" content="text/html;charset=utf-8" />
  <meta name='ocr-system' content='tesseract 3.04.00' />
  <meta name='ocr-capabilities' content='ocr_page ocr_carea ocr_par ocr_line ocrx_word'/>
</head>
<body>
  <div class='ocr_page' id='page_1' title='image "./musalatinaaberdo01gedduoft_0071.png"; bbox 0 0 2594 3749; ppageno 0'>
   <div class='ocr_carea' id='block_1_1' title="bbox 4 270 10 860">
    <p class='ocr_par' dir='ltr' id='par_1_1' title="bbox 4 270 10 860">
     <span class='ocr_line' id='line_1_1' title="bbox 4 270 10 860; baseline 0 0"><span class='ocrx_word' id='word_1_1' title='bbox 4 270 10 860; x_wconf 95' lang='lat' dir='ltr'><strong> </strong></span> 
     </span>
    </p>
   </div>
   <div class='ocr_carea' id='block_1_2' title="bbox 0 18 7 1898">
    <p class='ocr_par' dir='ltr' id='par_1_2' title="bbox 0 18 7 1898">
     <span class='ocr_line' id='line_1_2' title="bbox 0 18 7 1898; baseline 0 0"><span class='ocrx_word' id='word_1_2' title='bbox 0 18 7 1898; x_wconf 95' lang='lat' dir='ltr'><strong> </strong></span> 
     </span>
    </p>
   </div>
   <div class='ocr_carea' id='block_1_3' title="bbox 716 338 1907 382">
    <p class='ocr_par' dir='ltr' id='par_1_3' title="bbox 716 338 1907 382">
     <span class='ocr_line' id='line_1_3' title="bbox 716 338 1907 382; baseline 0.002 -13"><span class='ocrx_word' id='word_1_3' title='bbox 716 338 890 369; x_wconf 79' lang='lat' dir='ltr'><strong>SATIRE</strong></span> <span class='ocrx_word' id='word_1_4' title='bbox 921 338 988 370; x_wconf 84' lang='grc' dir='ltr'><strong>ΟΝ</strong></span> <span class='ocrx_word' id='word_1_5' title='bbox 1025 338 1287 370; x_wconf 76' lang='lat' dir='ltr'><strong>EGLISHEM.</strong></span> <span class='ocrx_word' id='word_1_6' title='bbox 1854 340 1907 382; x_wconf 90' lang='lat'><strong>37</strong></span> 
     </span>
    </p>
   </div>
   <div class='ocr_carea' id='block_1_4' title="bbox 274 454 1914 2724">
    <p class='ocr_par' dir='ltr' id='par_1_4' title="bbox 274 454 1395 580">
     <span class='ocr_line' id='line_1_4' title="bbox 274 454 1395 511; baseline -0.003 -12"><span class='ocrx_word' id='word_1_7' title='bbox 274 457 464 500; x_wconf 86' lang='lat' dir='ltr'><strong>Additur</strong></span> <span class='ocrx_word' id='word_1_8' title='bbox 484 456 804 511; x_wconf 84' lang='lat' dir='ltr'>hippomanes:</span> <span class='ocrx_word' id='word_1_9' title='bbox 839 462 934 498; x_wconf 89' lang='lat' dir='ltr'><strong>tum</strong></span> <span class='ocrx_word' id='word_1_10' title='bbox 958 469 1012 497; x_wconf 93' lang='lat' dir='ltr'><strong>ne</strong></span> <span class='ocrx_word' id='word_1_11' title='bbox 1034 454 1102 497; x_wconf 92' lang='lat' dir='ltr'><strong>vis</strong></span> <span class='ocrx_word' id='word_1_12' title='bbox 1125 455 1216 497; x_wconf 90' lang='lat' dir='ltr'><strong>ulla</strong></span> <span class='ocrx_word' id='word_1_13' title='bbox 1237 454 1395 496; x_wconf 91' lang='lat' dir='ltr'><strong>veneni</strong></span> 
     </span>
     <span class='ocr_line' id='line_1_5' title="bbox 334 526 1333 580; baseline -0.003 -11"><span class='ocrx_word' id='word_1_14' title='bbox 334 526 476 577; x_wconf 87' lang='lat' dir='ltr'><strong>Desit,</strong></span> <span class='ocrx_word' id='word_1_15' title='bbox 503 526 790 569; x_wconf 90' lang='lat' dir='ltr'><strong>Echidnaeus</strong></span> <span class='ocrx_word' id='word_1_16' title='bbox 814 528 1167 580; x_wconf 88' lang='lat' dir='ltr'><strong>Gorgoneusque</strong></span> <span class='ocrx_word' id='word_1_17' title='bbox 1190 539 1333 567; x_wconf 88' lang='lat' dir='ltr'><strong>cruor.</strong></span> 
     </span>
    </p>

    <p class='ocr_par' dir='ltr' id='par_1_5' title="bbox 277 595 1905 720">
     <span class='ocr_line' id='line_1_6' title="bbox 277 595 1500 652; baseline -0.002 -13"><span class='ocrx_word' id='word_1_18' title='bbox 277 597 363 639; x_wconf 90' lang='lat' dir='ltr'><strong>His</strong></span> <span class='ocrx_word' id='word_1_19' title='bbox 385 596 508 652; x_wconf 91' lang='lat' dir='ltr'><strong>pueri</strong></span> <span class='ocrx_word' id='word_1_20' title='bbox 530 603 775 651; x_wconf 82' lang='lat' dir='ltr'>pectusque</span> <span class='ocrx_word' id='word_1_21' title='bbox 798 595 911 645; x_wconf 90' lang='lat' dir='ltr'><strong>linit,</strong></span> <span class='ocrx_word' id='word_1_22' title='bbox 934 601 1239 649; x_wconf 85' lang='lat' dir='ltr'><strong>ventremque,</strong></span> <span class='ocrx_word' id='word_1_23' title='bbox 1264 596 1500 649; x_wconf 86' lang='lat' dir='ltr'><strong>pedesque,</strong></span> 
     </span>
     <span class='ocr_line' id='line_1_7' title="bbox 333 665 1905 720; baseline -0.002 -12"><span class='ocrx_word' id='word_1_24' title='bbox 333 668 392 708; x_wconf 90' lang='lat' dir='ltr'><strong>Et</strong></span> <span class='ocrx_word' id='word_1_25' title='bbox 416 667 612 708; x_wconf 90' lang='lat' dir='ltr'><strong>nondum</strong></span> <span class='ocrx_word' id='word_1_26' title='bbox 636 680 792 720; x_wconf 90' lang='lat' dir='ltr'><strong>passas</strong></span> <span class='ocrx_word' id='word_1_27' title='bbox 815 665 993 707; x_wconf 91' lang='lat' dir='ltr'><strong>vincula</strong></span> <span class='ocrx_word' id='word_1_28' title='bbox 1015 666 1125 706; x_wconf 91' lang='lat' dir='ltr'><strong>dura</strong></span> <span class='ocrx_word' id='word_1_29' title='bbox 1149 679 1335 706; x_wconf 86' lang='lat' dir='ltr'><strong>manus:</strong></span> <span class='ocrx_word' id='word_1_30' title='bbox 1825 678 1905 718; x_wconf 86' lang='lat'><strong>130</strong></span> 
     </span>
    </p>

    <p class='ocr_par' dir='ltr' id='par_1_6' title="bbox 276 734 1408 859">
     <span class='ocr_line' id='line_1_8' title="bbox 276 734 1408 790; baseline -0.003 -12"><span class='ocrx_word' id='word_1_31' title='bbox 276 738 505 790; x_wconf 87' lang='lat' dir='ltr'><strong>Parvaque</strong></span> <span class='ocrx_word' id='word_1_32' title='bbox 528 735 672 777; x_wconf 89' lang='lat' dir='ltr'><strong>adhuc</strong></span> <span class='ocrx_word' id='word_1_33' title='bbox 696 734 830 776; x_wconf 91' lang='lat' dir='ltr'><strong>nullis</strong></span> <span class='ocrx_word' id='word_1_34' title='bbox 853 734 1036 776; x_wconf 91' lang='lat' dir='ltr'><strong>liventia</strong></span> <span class='ocrx_word' id='word_1_35' title='bbox 1057 741 1183 788; x_wconf 90' lang='lat' dir='ltr'><strong>terga</strong></span> <span class='ocrx_word' id='word_1_36' title='bbox 1205 734 1408 789; x_wconf 88' lang='lat' dir='ltr'><strong>flagellis,</strong></span> 
     </span>
     <span class='ocr_line' id='line_1_9' title="bbox 332 803 1272 859; baseline -0.004 -11"><span class='ocrx_word' id='word_1_37' title='bbox 332 807 561 859; x_wconf 87' lang='lat' dir='ltr'><strong>Cruraque</strong></span> <span class='ocrx_word' id='word_1_38' title='bbox 583 804 803 846; x_wconf 70' lang='lat' dir='ltr'><strong>Threiciis</strong></span> <span class='ocrx_word' id='word_1_39' title='bbox 825 818 913 845; x_wconf 91' lang='lat' dir='ltr'><strong>non</strong></span> <span class='ocrx_word' id='word_1_40' title='bbox 935 803 1102 846; x_wconf 90' lang='lat' dir='ltr'><strong>violata</strong></span> <span class='ocrx_word' id='word_1_41' title='bbox 1124 803 1243 845; x_wconf 88' lang='lat' dir='ltr'><strong>notis</strong></span> <span class='ocrx_word' id='word_1_42' title='bbox 1263 819 1272 845; x_wconf 78' lang='lat' dir='ltr'><em>z</em></span> 
     </span>
    </p>

    <p class='ocr_par' dir='ltr' id='par_1_7' title="bbox 276 871 1454 995">
     <span class='ocr_line' id='line_1_10' title="bbox 276 871 1451 926; baseline -0.002 -11"><span class='ocrx_word' id='word_1_43' title='bbox 276 875 334 915; x_wconf 85' lang='lat' dir='ltr'><strong>Et</strong></span> <span class='ocrx_word' id='word_1_44' title='bbox 358 873 453 915; x_wconf 92' lang='lat' dir='ltr'><strong>sine</strong></span> <span class='ocrx_word' id='word_1_45' title='bbox 474 873 618 915; x_wconf 87' lang='lat' dir='ltr'><strong>fronte</strong></span> <span class='ocrx_word' id='word_1_46' title='bbox 641 879 789 926; x_wconf 89' lang='lat' dir='ltr'><strong>caput,</strong></span> <span class='ocrx_word' id='word_1_47' title='bbox 815 873 930 926; x_wconf 93' lang='lat' dir='ltr'><strong>quod</strong></span> <span class='ocrx_word' id='word_1_48' title='bbox 954 871 1073 914; x_wconf 87' lang='lat' dir='ltr'><strong>acuti</strong></span> <span class='ocrx_word' id='word_1_49' title='bbox 1095 871 1286 914; x_wconf 88' lang='lat' dir='ltr'><strong>turbinis</strong></span> <span class='ocrx_word' id='word_1_50' title='bbox 1309 871 1451 913; x_wconf 91' lang='lat' dir='ltr'><strong>instar</strong></span> 
     </span>
     <span class='ocr_line' id='line_1_11' title="bbox 335 940 1454 995; baseline -0.002 -12"><span class='ocrx_word' id='word_1_51' title='bbox 335 941 574 991; x_wconf 85' lang='lat' dir='ltr'><strong>Prominet,</strong></span> <span class='ocrx_word' id='word_1_52' title='bbox 599 947 641 983; x_wconf 92' lang='lat' dir='ltr'><strong>et</strong></span> <span class='ocrx_word' id='word_1_53' title='bbox 664 940 886 995; x_wconf 80' lang='lat' dir='ltr'><strong>scapulas,</strong></span> <span class='ocrx_word' id='word_1_54' title='bbox 910 947 952 982; x_wconf 90' lang='lat' dir='ltr'><strong>et</strong></span> <span class='ocrx_word' id='word_1_55' title='bbox 976 940 1129 990; x_wconf 89' lang='lat' dir='ltr'><strong>latera,</strong></span> <span class='ocrx_word' id='word_1_56' title='bbox 1154 946 1288 995; x_wconf 88' lang='lat' dir='ltr'><strong>atque</strong></span> <span class='ocrx_word' id='word_1_57' title='bbox 1310 947 1454 982; x_wconf 85' lang='lat' dir='ltr'><strong>nates.</strong></span> 
     </span>
    </p>

    <p class='ocr_par' dir='ltr' id='par_1_8' title="bbox 276 1008 1358 1133">
     <span class='ocr_line' id='line_1_12' title="bbox 276 1008 1358 1066; baseline -0.002 -14"><span class='ocrx_word' id='word_1_58' title='bbox 276 1012 489 1066; x_wconf 81' lang='lat' dir='ltr'><strong>Quaeque</strong></span> <span class='ocrx_word' id='word_1_59' title='bbox 513 1010 768 1064; x_wconf 90' lang='lat' dir='ltr'><strong>Lycambeo</strong></span> <span class='ocrx_word' id='word_1_60' title='bbox 790 1009 932 1051; x_wconf 88' lang='lat' dir='ltr'><strong>vibrat</strong></span> <span class='ocrx_word' id='word_1_61' title='bbox 956 1008 1036 1051; x_wconf 88' lang='lat' dir='ltr'><strong>lita</strong></span> <span class='ocrx_word' id='word_1_62' title='bbox 1057 1009 1148 1051; x_wconf 88' lang='lat' dir='ltr'><strong>tela</strong></span> <span class='ocrx_word' id='word_1_63' title='bbox 1173 1023 1358 1058; x_wconf 91' lang='lat' dir='ltr'><strong>veneno,</strong></span> 
     </span>
     <span class='ocr_line' id='line_1_13' title="bbox 334 1077 1318 1133; baseline -0.002 -12"><span class='ocrx_word' id='word_1_64' title='bbox 334 1078 522 1133; x_wconf 85' lang='lat' dir='ltr'><strong>Saepius</strong></span> <span class='ocrx_word' id='word_1_65' title='bbox 545 1078 614 1119; x_wconf 88' lang='lat' dir='ltr'><strong>his</strong></span> <span class='ocrx_word' id='word_1_66' title='bbox 638 1077 784 1120; x_wconf 89' lang='lat' dir='ltr'><strong>succis</strong></span> <span class='ocrx_word' id='word_1_67' title='bbox 807 1077 960 1132; x_wconf 87' lang='lat' dir='ltr'><strong>lingua</strong></span> <span class='ocrx_word' id='word_1_68' title='bbox 982 1083 1198 1132; x_wconf 90' lang='lat' dir='ltr'><strong>peruncta</strong></span> <span class='ocrx_word' id='word_1_69' title='bbox 1219 1077 1318 1119; x_wconf 88' lang='lat' dir='ltr'><strong>fuit.</strong></span> 
     </span>
    </p>

    <p class='ocr_par' dir='ltr' id='par_1_9' title="bbox 275 1146 1388 1270">
     <span class='ocr_line' id='line_1_14' title="bbox 275 1146 1375 1201; baseline -0.003 -11"><span class='ocrx_word' id='word_1_70' title='bbox 275 1148 428 1190; x_wconf 89' lang='lat' dir='ltr'><strong>Tertia</strong></span> <span class='ocrx_word' id='word_1_71' title='bbox 450 1162 536 1190; x_wconf 88' lang='lat' dir='ltr'><strong>nox</strong></span> <span class='ocrx_word' id='word_1_72' title='bbox 559 1148 726 1196; x_wconf 90' lang='lat' dir='ltr'><strong>aderat,</strong></span> <span class='ocrx_word' id='word_1_73' title='bbox 750 1161 831 1189; x_wconf 92' lang='lat' dir='ltr'><strong>nec</strong></span> <span class='ocrx_word' id='word_1_74' title='bbox 854 1161 994 1189; x_wconf 87' lang='lat' dir='ltr'><strong>cunas</strong></span> <span class='ocrx_word' id='word_1_75' title='bbox 1016 1153 1237 1201; x_wconf 88' lang='lat' dir='ltr'><strong>presserat</strong></span> <span class='ocrx_word' id='word_1_76' title='bbox 1260 1146 1375 1188; x_wconf 90' lang='lat' dir='ltr'><strong>ullas</strong></span> 
     </span>
     <span class='ocr_line' id='line_1_15' title="bbox 336 1217 1388 1270; baseline -0.002 -11"><span class='ocrx_word' id='word_1_77' title='bbox 336 1217 484 1267; x_wconf 88' lang='lat' dir='ltr'><strong>Pusio,</strong></span> <span class='ocrx_word' id='word_1_78' title='bbox 508 1231 589 1259; x_wconf 91' lang='lat' dir='ltr'><strong>nec</strong></span> <span class='ocrx_word' id='word_1_79' title='bbox 612 1231 753 1259; x_wconf 91' lang='lat' dir='ltr'><strong>cunae</strong></span> <span class='ocrx_word' id='word_1_80' title='bbox 777 1230 890 1270; x_wconf 91' lang='lat' dir='ltr'><strong>quae</strong></span> <span class='ocrx_word' id='word_1_81' title='bbox 912 1223 1218 1270; x_wconf 86' lang='lat' dir='ltr'><strong>premerentur</strong></span> <span class='ocrx_word' id='word_1_82' title='bbox 1247 1222 1388 1258; x_wconf 88' lang='lat' dir='ltr'><strong>erant.</strong></span> 
     </span>
    </p>

    <p class='ocr_par' dir='ltr' id='par_1_10' title="bbox 279 1283 1909 1408">
     <span class='ocr_line' id='line_1_16' title="bbox 279 1283 1359 1340; baseline -0.003 -12"><span class='ocrx_word' id='word_1_83' title='bbox 279 1287 463 1340; x_wconf 87' lang='lat' dir='ltr'><strong>Propter</strong></span> <span class='ocrx_word' id='word_1_84' title='bbox 485 1300 626 1340; x_wconf 91' lang='lat' dir='ltr'><strong>aquas</strong></span> <span class='ocrx_word' id='word_1_85' title='bbox 649 1284 738 1327; x_wconf 89' lang='lat' dir='ltr'><strong>late</strong></span> <span class='ocrx_word' id='word_1_86' title='bbox 760 1286 984 1339; x_wconf 92' lang='lat' dir='ltr'><strong>pandebat</strong></span> <span class='ocrx_word' id='word_1_87' title='bbox 1008 1283 1191 1326; x_wconf 88' lang='lat' dir='ltr'><strong>brachia</strong></span> <span class='ocrx_word' id='word_1_88' title='bbox 1212 1291 1359 1333; x_wconf 88' lang='lat' dir='ltr'><strong>taxus,</strong></span> 
     </span>
     <span class='ocr_line' id='line_1_17' title="bbox 336 1353 1909 1408; baseline -0.001 -12"><span class='ocrx_word' id='word_1_89' title='bbox 336 1356 468 1396; x_wconf 91' lang='lat' dir='ltr'><strong>Hanc</strong></span> <span class='ocrx_word' id='word_1_90' title='bbox 491 1360 634 1408; x_wconf 90' lang='lat' dir='ltr'><strong>putat,</strong></span> <span class='ocrx_word' id='word_1_91' title='bbox 659 1360 701 1395; x_wconf 92' lang='lat' dir='ltr'><strong>et</strong></span> <span class='ocrx_word' id='word_1_92' title='bbox 725 1368 865 1396; x_wconf 91' lang='lat' dir='ltr'><strong>cunas</strong></span> <span class='ocrx_word' id='word_1_93' title='bbox 887 1353 988 1395; x_wconf 91' lang='lat' dir='ltr'><strong>inde</strong></span> <span class='ocrx_word' id='word_1_94' title='bbox 1014 1354 1224 1407; x_wconf 87' lang='lat' dir='ltr'><strong>Megaera</strong></span> <span class='ocrx_word' id='word_1_95' title='bbox 1246 1360 1389 1408; x_wconf 90' lang='lat' dir='ltr'><strong>parat.</strong></span> <span class='ocrx_word' id='word_1_96' title='bbox 1831 1366 1909 1407; x_wconf 73' lang='lat'><strong>140</strong></span> 
     </span>
    </p>

    <p class='ocr_par' dir='ltr' id='par_1_11' title="bbox 280 1421 1375 1545">
     <span class='ocr_line' id='line_1_18' title="bbox 280 1421 1296 1472; baseline -0.001 -8"><span class='ocrx_word' id='word_1_97' title='bbox 280 1423 366 1465; x_wconf 87' lang='lat' dir='ltr'><strong>His</strong></span> <span class='ocrx_word' id='word_1_98' title='bbox 387 1422 506 1472; x_wconf 87' lang='lat' dir='ltr'><strong>folia,</strong></span> <span class='ocrx_word' id='word_1_99' title='bbox 530 1429 572 1464; x_wconf 92' lang='lat' dir='ltr'><strong>et</strong></span> <span class='ocrx_word' id='word_1_100' title='bbox 595 1421 711 1463; x_wconf 85' lang='lat' dir='ltr'><strong>foliis</strong></span> <span class='ocrx_word' id='word_1_101' title='bbox 733 1421 939 1464; x_wconf 85' lang='lat' dir='ltr'><strong>insternit</strong></span> <span class='ocrx_word' id='word_1_102' title='bbox 963 1421 1140 1471; x_wconf 92' lang='lat' dir='ltr'><strong>vellera,</strong></span> <span class='ocrx_word' id='word_1_103' title='bbox 1165 1436 1296 1463; x_wconf 88' lang='lat' dir='ltr'><strong>caesa</strong></span> 
     </span>
     <span class='ocr_line' id='line_1_19' title="bbox 336 1489 1375 1545; baseline -0.002 -12"><span class='ocrx_word' id='word_1_104' title='bbox 336 1490 638 1534; x_wconf 89' lang='lat' dir='ltr'><strong>Eumenidum</strong></span> <span class='ocrx_word' id='word_1_105' title='bbox 662 1490 794 1532; x_wconf 91' lang='lat' dir='ltr'><strong>matri</strong></span> <span class='ocrx_word' id='word_1_106' title='bbox 818 1505 932 1545; x_wconf 91' lang='lat' dir='ltr'><strong>quae</strong></span> <span class='ocrx_word' id='word_1_107' title='bbox 955 1489 1080 1544; x_wconf 89' lang='lat' dir='ltr'><strong>nigra</strong></span> <span class='ocrx_word' id='word_1_108' title='bbox 1103 1489 1242 1544; x_wconf 88' lang='lat' dir='ltr'><strong>gessit</strong></span> <span class='ocrx_word' id='word_1_109' title='bbox 1265 1489 1375 1531; x_wconf 87' lang='lat' dir='ltr'><strong>ovis.</strong></span> 
     </span>
    </p>

    <p class='ocr_par' dir='ltr' id='par_1_12' title="bbox 275 1559 1487 1685">
     <span class='ocr_line' id='line_1_20' title="bbox 275 1559 1487 1615; baseline -0.001 -12"><span class='ocrx_word' id='word_1_110' title='bbox 275 1561 394 1603; x_wconf 90' lang='lat' dir='ltr'><strong>Tum</strong></span> <span class='ocrx_word' id='word_1_111' title='bbox 418 1575 550 1615; x_wconf 91' lang='lat' dir='ltr'><strong>super</strong></span> <span class='ocrx_word' id='word_1_112' title='bbox 572 1560 760 1615; x_wconf 89' lang='lat' dir='ltr'><strong>imponit</strong></span> <span class='ocrx_word' id='word_1_113' title='bbox 783 1575 952 1615; x_wconf 91' lang='lat' dir='ltr'><strong>pupum</strong></span> <span class='ocrx_word' id='word_1_114' title='bbox 978 1561 1090 1609; x_wconf 91' lang='lat' dir='ltr'><strong>Dea,</strong></span> <span class='ocrx_word' id='word_1_115' title='bbox 1115 1559 1346 1613; x_wconf 91' lang='lat' dir='ltr'><strong>multaque</strong></span> <span class='ocrx_word' id='word_1_116' title='bbox 1369 1574 1487 1614; x_wconf 91' lang='lat' dir='ltr'><strong>pupo</strong></span> 
     </span>
     <span class='ocr_line' id='line_1_21' title="bbox 337 1629 1161 1685; baseline -0.002 -13"><span class='ocrx_word' id='word_1_117' title='bbox 337 1630 632 1685; x_wconf 87' lang='lat' dir='ltr'><strong>Imperiurato</strong></span> <span class='ocrx_word' id='word_1_118' title='bbox 654 1630 855 1684; x_wconf 89' lang='lat' dir='ltr'><strong>stragula</strong></span> <span class='ocrx_word' id='word_1_119' title='bbox 876 1629 1018 1672; x_wconf 89' lang='lat' dir='ltr'><strong>tincta</strong></span> <span class='ocrx_word' id='word_1_120' title='bbox 1045 1629 1161 1671; x_wconf 90' lang='lat' dir='ltr'><strong>lacu.</strong></span> 
     </span>
    </p>

    <p class='ocr_par' dir='ltr' id='par_1_13' title="bbox 280 1698 1359 1820">
     <span class='ocr_line' id='line_1_22' title="bbox 280 1698 1359 1754; baseline -0.003 -12"><span class='ocrx_word' id='word_1_121' title='bbox 280 1700 535 1754; x_wconf 89' lang='lat' dir='ltr'><strong>Invitatque</strong></span> <span class='ocrx_word' id='word_1_122' title='bbox 558 1700 690 1749; x_wconf 83' lang='lat' dir='ltr'><strong>leves,</strong></span> <span class='ocrx_word' id='word_1_123' title='bbox 716 1699 893 1754; x_wconf 88' lang='lat' dir='ltr'><strong>agitans</strong></span> <span class='ocrx_word' id='word_1_124' title='bbox 915 1698 1152 1748; x_wconf 89' lang='lat' dir='ltr'><strong>cunabula,</strong></span> <span class='ocrx_word' id='word_1_125' title='bbox 1177 1712 1359 1740; x_wconf 89' lang='lat' dir='ltr'><strong>somnos</strong></span> 
     </span>
     <span class='ocr_line' id='line_1_23' title="bbox 338 1767 1304 1820; baseline -0.002 -9"><span class='ocrx_word' id='word_1_126' title='bbox 338 1769 570 1820; x_wconf 89' lang='lat' dir='ltr'><strong>Eumenis,</strong></span> <span class='ocrx_word' id='word_1_127' title='bbox 595 1775 637 1811; x_wconf 90' lang='lat' dir='ltr'><strong>et</strong></span> <span class='ocrx_word' id='word_1_128' title='bbox 661 1775 796 1811; x_wconf 91' lang='lat' dir='ltr'><strong>cantu</strong></span> <span class='ocrx_word' id='word_1_129' title='bbox 820 1768 990 1810; x_wconf 92' lang='lat' dir='ltr'><strong>lumina</strong></span> <span class='ocrx_word' id='word_1_130' title='bbox 1011 1768 1129 1810; x_wconf 88' lang='lat' dir='ltr'><strong>fessa</strong></span> <span class='ocrx_word' id='word_1_131' title='bbox 1151 1767 1304 1810; x_wconf 89' lang='lat' dir='ltr'><strong>trahit.</strong></span> 
     </span>
    </p>

    <p class='ocr_par' dir='ltr' id='par_1_14' title="bbox 281 1837 1451 1963">
     <span class='ocr_line' id='line_1_24' title="bbox 281 1837 1451 1894; baseline -0.003 -13"><span class='ocrx_word' id='word_1_132' title='bbox 281 1841 401 1894; x_wconf 88' lang='lat' dir='ltr'><strong>Ergo</strong></span> <span class='ocrx_word' id='word_1_133' title='bbox 425 1839 686 1894; x_wconf 85' lang='lat' dir='ltr'><strong>Giganteos,</strong></span> <span class='ocrx_word' id='word_1_134' title='bbox 714 1838 904 1893; x_wconf 89' lang='lat' dir='ltr'><strong>Phlegra</strong></span> <span class='ocrx_word' id='word_1_135' title='bbox 925 1837 1191 1892; x_wconf 90' lang='lat' dir='ltr'><strong>trepidante,</strong></span> <span class='ocrx_word' id='word_1_136' title='bbox 1215 1837 1451 1887; x_wconf 88' lang='lat' dir='ltr'><strong>tumultus,</strong></span> 
     </span>
     <span class='ocr_line' id='line_1_25' title="bbox 340 1907 1373 1963; baseline -0.002 -13"><span class='ocrx_word' id='word_1_137' title='bbox 340 1910 630 1963; x_wconf 90' lang='lat' dir='ltr'><strong>Mutatosque</strong></span> <span class='ocrx_word' id='word_1_138' title='bbox 653 1908 783 1950; x_wconf 89' lang='lat' dir='ltr'><strong>refert</strong></span> <span class='ocrx_word' id='word_1_139' title='bbox 807 1907 851 1948; x_wconf 91' lang='lat' dir='ltr'><strong>in</strong></span> <span class='ocrx_word' id='word_1_140' title='bbox 875 1922 989 1950; x_wconf 91' lang='lat' dir='ltr'><strong>nova</strong></span> <span class='ocrx_word' id='word_1_141' title='bbox 1012 1914 1213 1949; x_wconf 90' lang='lat' dir='ltr'><strong>monstra</strong></span> <span class='ocrx_word' id='word_1_142' title='bbox 1237 1908 1373 1949; x_wconf 91' lang='lat' dir='ltr'><strong>Deos.</strong></span> 
     </span>
    </p>

    <p class='ocr_par' dir='ltr' id='par_1_15' title="bbox 279 1975 1914 2101">
     <span class='ocr_line' id='line_1_26' title="bbox 279 1975 1395 2033; baseline -0.002 -13"><span class='ocrx_word' id='word_1_143' title='bbox 279 1979 589 2033; x_wconf 85' lang='lat' dir='ltr'><strong>Aggestosque</strong></span> <span class='ocrx_word' id='word_1_144' title='bbox 611 1977 744 2019; x_wconf 92' lang='lat' dir='ltr'><strong>simul</strong></span> <span class='ocrx_word' id='word_1_145' title='bbox 767 1984 957 2026; x_wconf 78' lang='lat' dir='ltr'><strong>montes,</strong></span> <span class='ocrx_word' id='word_1_146' title='bbox 981 1977 1248 2032; x_wconf 90' lang='lat' dir='ltr'><strong>pulsataque</strong></span> <span class='ocrx_word' id='word_1_147' title='bbox 1275 1975 1395 2018; x_wconf 85' lang='lat' dir='ltr'><strong>saxis</strong></span> 
     </span>
     <span class='ocr_line' id='line_1_27' title="bbox 338 2044 1914 2101; baseline -0.001 -12"><span class='ocrx_word' id='word_1_148' title='bbox 338 2047 506 2097; x_wconf 88' lang='lat' dir='ltr'><strong>Sidera,</strong></span> <span class='ocrx_word' id='word_1_149' title='bbox 531 2054 573 2089; x_wconf 92' lang='lat' dir='ltr'><strong>et</strong></span> <span class='ocrx_word' id='word_1_150' title='bbox 595 2046 808 2089; x_wconf 86' lang='lat' dir='ltr'><strong>Aetnaeis</strong></span> <span class='ocrx_word' id='word_1_151' title='bbox 829 2046 1008 2101; x_wconf 87' lang='lat' dir='ltr'><strong>ignibus</strong></span> <span class='ocrx_word' id='word_1_152' title='bbox 1031 2051 1133 2088; x_wconf 88' lang='lat' dir='ltr'><strong>usta</strong></span> <span class='ocrx_word' id='word_1_153' title='bbox 1155 2044 1290 2088; x_wconf 89' lang='lat' dir='ltr'><strong>canit.</strong></span> <span class='ocrx_word' id='word_1_154' title='bbox 1834 2058 1914 2100; x_wconf 84' lang='lat'><strong>150</strong></span> 
     </span>
    </p>

    <p class='ocr_par' dir='ltr' id='par_1_16' title="bbox 281 2114 1513 2239">
     <span class='ocr_line' id='line_1_28' title="bbox 281 2114 1513 2164; baseline -0.002 -6"><span class='ocrx_word' id='word_1_155' title='bbox 281 2117 367 2158; x_wconf 89' lang='lat' dir='ltr'><strong>Sed</strong></span> <span class='ocrx_word' id='word_1_156' title='bbox 390 2115 508 2158; x_wconf 89' lang='lat' dir='ltr'><strong>cadit</strong></span> <span class='ocrx_word' id='word_1_157' title='bbox 532 2116 759 2158; x_wconf 87' lang='lat' dir='ltr'><strong>incassum</strong></span> <span class='ocrx_word' id='word_1_158' title='bbox 783 2115 908 2157; x_wconf 88' lang='lat' dir='ltr'><strong>labor</strong></span> <span class='ocrx_word' id='word_1_159' title='bbox 929 2114 1101 2164; x_wconf 90' lang='lat' dir='ltr'><strong>omnis;</strong></span> <span class='ocrx_word' id='word_1_160' title='bbox 1136 2114 1344 2157; x_wconf 89' lang='lat' dir='ltr'><strong>dentibus</strong></span> <span class='ocrx_word' id='word_1_161' title='bbox 1367 2114 1513 2156; x_wconf 89' lang='lat' dir='ltr'><strong>infans</strong></span> 
     </span>
     <span class='ocr_line' id='line_1_29' title="bbox 340 2184 1360 2239; baseline -0.002 -11"><span class='ocrx_word' id='word_1_162' title='bbox 340 2187 548 2236; x_wconf 90' lang='lat' dir='ltr'><strong>Frendet,</strong></span> <span class='ocrx_word' id='word_1_163' title='bbox 573 2192 615 2228; x_wconf 91' lang='lat' dir='ltr'><strong>et</strong></span> <span class='ocrx_word' id='word_1_164' title='bbox 639 2185 682 2227; x_wconf 90' lang='lat' dir='ltr'><strong>in</strong></span> <span class='ocrx_word' id='word_1_165' title='bbox 707 2185 834 2228; x_wconf 90' lang='lat' dir='ltr'><strong>cunis</strong></span> <span class='ocrx_word' id='word_1_166' title='bbox 858 2184 1042 2239; x_wconf 87' lang='lat' dir='ltr'><strong>pervigil</strong></span> <span class='ocrx_word' id='word_1_167' title='bbox 1066 2199 1206 2239; x_wconf 87' lang='lat' dir='ltr'><strong>usque</strong></span> <span class='ocrx_word' id='word_1_168' title='bbox 1230 2184 1360 2226; x_wconf 89' lang='lat' dir='ltr'><strong>iacet.</strong></span> 
     </span>
    </p>

    <p class='ocr_par' dir='ltr' id='par_1_17' title="bbox 283 2254 1430 2368">
     <span class='ocr_line' id='line_1_30' title="bbox 283 2254 1430 2310; baseline -0.003 -12"><span class='ocrx_word' id='word_1_169' title='bbox 283 2256 539 2298; x_wconf 90' lang='lat' dir='ltr'><strong>Visceribus</strong></span> <span class='ocrx_word' id='word_1_170' title='bbox 561 2270 753 2310; x_wconf 90' lang='lat' dir='ltr'><strong>regnans</strong></span> <span class='ocrx_word' id='word_1_171' title='bbox 776 2254 947 2304; x_wconf 84' lang='lat' dir='ltr'><strong>mediis,</strong></span> <span class='ocrx_word' id='word_1_172' title='bbox 972 2254 1186 2309; x_wconf 88' lang='lat' dir='ltr'><strong>fususque</strong></span> <span class='ocrx_word' id='word_1_173' title='bbox 1208 2268 1286 2308; x_wconf 91' lang='lat' dir='ltr'><strong>per</strong></span> <span class='ocrx_word' id='word_1_174' title='bbox 1307 2261 1430 2296; x_wconf 81' lang='lat' dir='ltr'><strong>artus</strong></span> 
     </span>
     <span class='ocr_line' id='line_1_31' title="bbox 342 2323 1296 2368; baseline -0.003 -1"><span class='ocrx_word' id='word_1_175' title='bbox 342 2326 443 2367; x_wconf 93' lang='lat' dir='ltr'><strong>Non</strong></span> <span class='ocrx_word' id='word_1_176' title='bbox 466 2326 656 2368; x_wconf 90' lang='lat' dir='ltr'><strong>obscura</strong></span> <span class='ocrx_word' id='word_1_177' title='bbox 679 2324 746 2367; x_wconf 91' lang='lat' dir='ltr'><strong>sui</strong></span> <span class='ocrx_word' id='word_1_178' title='bbox 770 2325 845 2367; x_wconf 91' lang='lat' dir='ltr'><strong>dat</strong></span> <span class='ocrx_word' id='word_1_179' title='bbox 869 2325 1140 2366; x_wconf 91' lang='lat' dir='ltr'><strong>documenta</strong></span> <span class='ocrx_word' id='word_1_180' title='bbox 1161 2323 1296 2365; x_wconf 90' lang='lat' dir='ltr'><strong>furor.</strong></span> 
     </span>
    </p>

    <p class='ocr_par' dir='ltr' id='par_1_18' title="bbox 285 2392 1443 2518">
     <span class='ocr_line' id='line_1_32' title="bbox 285 2392 1443 2448; baseline -0.003 -11"><span class='ocrx_word' id='word_1_181' title='bbox 285 2394 521 2445; x_wconf 88' lang='lat' dir='ltr'><strong>Funditur,</strong></span> <span class='ocrx_word' id='word_1_182' title='bbox 546 2401 588 2437; x_wconf 89' lang='lat' dir='ltr'><strong>et</strong></span> <span class='ocrx_word' id='word_1_183' title='bbox 611 2401 763 2437; x_wconf 91' lang='lat' dir='ltr'><strong>tenero</strong></span> <span class='ocrx_word' id='word_1_184' title='bbox 786 2393 944 2436; x_wconf 90' lang='lat' dir='ltr'><strong>crescit</strong></span> <span class='ocrx_word' id='word_1_185' title='bbox 967 2408 1069 2436; x_wconf 91' lang='lat' dir='ltr'><strong>cum</strong></span> <span class='ocrx_word' id='word_1_186' title='bbox 1093 2407 1274 2448; x_wconf 90' lang='lat' dir='ltr'><strong>corpore</strong></span> <span class='ocrx_word' id='word_1_187' title='bbox 1296 2392 1443 2442; x_wconf 88' lang='lat' dir='ltr'><strong>virus;</strong></span> 
     </span>
     <span class='ocr_line' id='line_1_33' title="bbox 343 2461 1207 2518; baseline -0.001 -14"><span class='ocrx_word' id='word_1_188' title='bbox 343 2464 484 2518; x_wconf 92' lang='lat' dir='ltr'><strong>Inque</strong></span> <span class='ocrx_word' id='word_1_189' title='bbox 507 2463 600 2506; x_wconf 90' lang='lat' dir='ltr'><strong>dies</strong></span> <span class='ocrx_word' id='word_1_190' title='bbox 628 2462 763 2517; x_wconf 91' lang='lat' dir='ltr'><strong>serpit</strong></span> <span class='ocrx_word' id='word_1_191' title='bbox 786 2461 1069 2517; x_wconf 85' lang='lat' dir='ltr'><strong>luxuriatque</strong></span> <span class='ocrx_word' id='word_1_192' title='bbox 1096 2461 1207 2504; x_wconf 86' lang='lat' dir='ltr'><strong>lues.</strong></span> 
     </span>
    </p>

    <p class='ocr_par' dir='ltr' id='par_1_19' title="bbox 286 2530 1509 2654">
     <span class='ocr_line' id='line_1_34' title="bbox 286 2530 1509 2588; baseline -0.002 -14"><span class='ocrx_word' id='word_1_193' title='bbox 286 2534 471 2588; x_wconf 85' lang='lat' dir='ltr'><strong>Quoque</strong></span> <span class='ocrx_word' id='word_1_194' title='bbox 494 2533 639 2587; x_wconf 85' lang='lat' dir='ltr'><strong>magis</strong></span> <span class='ocrx_word' id='word_1_195' title='bbox 661 2539 832 2575; x_wconf 90' lang='lat' dir='ltr'><strong>crescat</strong></span> <span class='ocrx_word' id='word_1_196' title='bbox 856 2531 1016 2581; x_wconf 88' lang='lat' dir='ltr'><strong>rabies,</strong></span> <span class='ocrx_word' id='word_1_197' title='bbox 1041 2530 1255 2573; x_wconf 90' lang='lat' dir='ltr'><strong>alimenta</strong></span> <span class='ocrx_word' id='word_1_198' title='bbox 1281 2530 1509 2572; x_wconf 90' lang='lat' dir='ltr'><strong>ministrat</strong></span> 
     </span>
     <span class='ocr_line' id='line_1_35' title="bbox 343 2598 1354 2654; baseline -0.004 -11"><span class='ocrx_word' id='word_1_199' title='bbox 343 2600 575 2650; x_wconf 91' lang='lat' dir='ltr'><strong>Eumenis,</strong></span> <span class='ocrx_word' id='word_1_200' title='bbox 600 2600 799 2642; x_wconf 90' lang='lat' dir='ltr'><strong>infernus</strong></span> <span class='ocrx_word' id='word_1_201' title='bbox 822 2614 936 2654; x_wconf 91' lang='lat' dir='ltr'><strong>quae</strong></span> <span class='ocrx_word' id='word_1_202' title='bbox 959 2600 1070 2641; x_wconf 92' lang='lat' dir='ltr'><strong>solet</strong></span> <span class='ocrx_word' id='word_1_203' title='bbox 1094 2613 1192 2641; x_wconf 87' lang='lat' dir='ltr'><strong>esse</strong></span> <span class='ocrx_word' id='word_1_204' title='bbox 1215 2598 1354 2641; x_wconf 90' lang='lat' dir='ltr'><strong>canis.</strong></span> 
     </span>
    </p>

    <p class='ocr_par' dir='ltr' id='par_1_20' title="bbox 285 2666 1524 2724">
     <span class='ocr_line' id='line_1_36' title="bbox 285 2666 1524 2724; baseline -0.002 -14"><span class='ocrx_word' id='word_1_205' title='bbox 285 2668 474 2724; x_wconf 89' lang='lat' dir='ltr'><strong>Appula,</strong></span> <span class='ocrx_word' id='word_1_206' title='bbox 498 2669 604 2712; x_wconf 90' lang='lat' dir='ltr'><strong>flore</strong></span> <span class='ocrx_word' id='word_1_207' title='bbox 625 2669 787 2719; x_wconf 83' lang='lat' dir='ltr'><strong>virens,</strong></span> <span class='ocrx_word' id='word_1_208' title='bbox 812 2668 948 2724; x_wconf 89' lang='lat' dir='ltr'><strong>stirps</strong></span> <span class='ocrx_word' id='word_1_209' title='bbox 969 2674 1051 2718; x_wconf 89' lang='lat' dir='ltr'><strong>est,</strong></span> <span class='ocrx_word' id='word_1_210' title='bbox 1076 2682 1192 2723; x_wconf 89' lang='lat' dir='ltr'><strong>quae</strong></span> <span class='ocrx_word' id='word_1_211' title='bbox 1213 2667 1334 2710; x_wconf 91' lang='lat' dir='ltr'><strong>lutea</strong></span> <span class='ocrx_word' id='word_1_212' title='bbox 1357 2666 1524 2721; x_wconf 87' lang='lat' dir='ltr'><strong>passim</strong></span> 
     </span>
    </p>
   </div>
   <div class='ocr_carea' id='block_1_5' title="bbox 112 2790 1911 3059">
    <p class='ocr_par' dir='ltr' id='par_1_21' title="bbox 112 2790 1911 2937">
     <span class='ocr_line' id='line_1_37' title="bbox 230 2790 1911 2835; baseline -0.002 -10"><span class='ocrx_word' id='word_1_213' title='bbox 230 2804 299 2835; x_wconf 88' lang='lat'><em>132.</em></span> <span class='ocrx_word' id='word_1_214' title='bbox 326 2794 494 2827; x_wconf 67' lang='lat' dir='ltr'><strong>Threiciis</strong></span> <span class='ocrx_word' id='word_1_215' title='bbox 517 2794 645 2826; x_wconf 85' lang='lat' dir='ltr'><strong>violata</strong></span> <span class='ocrx_word' id='word_1_216' title='bbox 668 2795 785 2835; x_wconf 86' lang='lat' dir='ltr'><strong>notis.]</strong></span> <span class='ocrx_word' id='word_1_217' title='bbox 830 2793 1029 2835; x_wconf 87' lang='lat' dir='ltr'><strong>Tattooing.</strong></span> <span class='ocrx_word' id='word_1_218' title='bbox 1079 2792 1153 2825; x_wconf 87' lang='lat' dir='ltr'><strong>The</strong></span> <span class='ocrx_word' id='word_1_219' title='bbox 1178 2792 1324 2825; x_wconf 87' lang='lat' dir='ltr'><strong>allusion</strong></span> <span class='ocrx_word' id='word_1_220' title='bbox 1349 2791 1376 2823; x_wconf 86' lang='lat' dir='ltr'><strong>is</strong></span> <span class='ocrx_word' id='word_1_221' title='bbox 1404 2798 1440 2824; x_wconf 92' lang='lat' dir='ltr'><strong>to</strong></span> <span class='ocrx_word' id='word_1_222' title='bbox 1468 2791 1596 2831; x_wconf 85' lang='lat' dir='ltr'><strong>Cicero,</strong></span> <span class='ocrx_word' id='word_1_223' title='bbox 1624 2792 1677 2822; x_wconf 79' lang='lat' dir='ltr'><strong>De</strong></span> <span class='ocrx_word' id='word_1_224' title='bbox 1698 2790 1836 2833; x_wconf 77' lang='lat' dir='ltr'><strong>Officiis,</strong></span> <span class='ocrx_word' id='word_1_225' title='bbox 1867 2792 1911 2823; x_wconf 91' lang='lat' dir='ltr'><strong>II.</strong></span> 
     </span>
     <span class='ocr_line' id='line_1_38' title="bbox 112 2846 1911 2890; baseline -0.002 -10"><span class='ocrx_word' id='word_1_226' title='bbox 112 2859 142 2890; x_wconf 88' lang='lat'><strong>7,</strong></span> <span class='ocrx_word' id='word_1_227' title='bbox 161 2858 212 2889; x_wconf 84' lang='lat'><strong>25.</strong></span> <span class='ocrx_word' id='word_1_228' title='bbox 259 2850 427 2890; x_wconf 84' lang='lat' dir='ltr'><strong>Compare</strong></span> <span class='ocrx_word' id='word_1_229' title='bbox 442 2849 525 2880; x_wconf 89' lang='lat' dir='ltr'><strong>with</strong></span> <span class='ocrx_word' id='word_1_230' title='bbox 549 2849 617 2881; x_wconf 86' lang='lat' dir='ltr'><strong>this</strong></span> <span class='ocrx_word' id='word_1_231' title='bbox 639 2849 761 2881; x_wconf 89' lang='lat' dir='ltr'><strong>bestial</strong></span> <span class='ocrx_word' id='word_1_232' title='bbox 785 2848 921 2890; x_wconf 86' lang='lat' dir='ltr'><strong>genesis</strong></span> <span class='ocrx_word' id='word_1_233' title='bbox 938 2848 978 2880; x_wconf 89' lang='lat' dir='ltr'><strong>of</strong></span> <span class='ocrx_word' id='word_1_234' title='bbox 996 2846 1200 2888; x_wconf 88' lang='lat' dir='ltr'><strong>Onopordus</strong></span> <span class='ocrx_word' id='word_1_235' title='bbox 1225 2847 1346 2878; x_wconf 89' lang='lat' dir='ltr'><strong>Burns’</strong></span> <span class='ocrx_word' id='word_1_236' title='bbox 1371 2846 1482 2887; x_wconf 86' lang='lat' dir='ltr'><strong>magic</strong></span> <span class='ocrx_word' id='word_1_237' title='bbox 1505 2846 1619 2878; x_wconf 87' lang='lat' dir='ltr'><strong>stroke</strong></span> <span class='ocrx_word' id='word_1_238' title='bbox 1643 2856 1681 2878; x_wconf 87' lang='lat' dir='ltr'><strong>as</strong></span> <span class='ocrx_word' id='word_1_239' title='bbox 1704 2852 1740 2878; x_wconf 87' lang='lat' dir='ltr'><strong>to</strong></span> <span class='ocrx_word' id='word_1_240' title='bbox 1762 2846 1911 2878; x_wconf 86' lang='lat' dir='ltr'><strong>creation</strong></span> 
     </span>
     <span class='ocr_line' id='line_1_39' title="bbox 113 2903 531 2937; baseline 0.007 -3"><span class='ocrx_word' id='word_1_241' title='bbox 113 2904 152 2934; x_wconf 85' lang='lat' dir='ltr'><strong>of</strong></span> <span class='ocrx_word' id='word_1_242' title='bbox 163 2908 183 2921; x_wconf 78' lang='lat'><strong>‘⁸</strong></span> <span class='ocrx_word' id='word_1_243' title='bbox 196 2903 341 2936; x_wconf 85' lang='lat' dir='ltr'><strong>Andrew</strong></span> <span class='ocrx_word' id='word_1_244' title='bbox 358 2904 488 2935; x_wconf 87' lang='lat' dir='ltr'><strong>Turner</strong></span> <span class='ocrx_word' id='word_1_245' title='bbox 501 2904 531 2937; x_wconf 85' lang='lat'><strong>’&#39;.</strong></span> 
     </span>
    </p>

    <p class='ocr_par' dir='ltr' id='par_1_22' title="bbox 233 2957 1403 3000">
     <span class='ocr_line' id='line_1_40' title="bbox 233 2957 1403 3000; baseline -0.001 -10"><span class='ocrx_word' id='word_1_246' title='bbox 233 2969 302 2999; x_wconf 87' lang='lat'>144.</span> <span class='ocrx_word' id='word_1_247' title='bbox 329 2959 582 3000; x_wconf 87' lang='lat' dir='ltr'><strong>Imperiurato.]</strong></span> <span class='ocrx_word' id='word_1_248' title='bbox 628 2960 723 3000; x_wconf 85' lang='lat' dir='ltr'><strong>Styx,</strong></span> <span class='ocrx_word' id='word_1_249' title='bbox 741 2969 778 2990; x_wconf 85' lang='lat' dir='ltr'><strong>as</strong></span> <span class='ocrx_word' id='word_1_250' title='bbox 794 2959 875 2990; x_wconf 88' lang='lat' dir='ltr'><strong>oath</strong></span> <span class='ocrx_word' id='word_1_251' title='bbox 893 2959 933 2989; x_wconf 87' lang='lat' dir='ltr'><strong>of</strong></span> <span class='ocrx_word' id='word_1_252' title='bbox 945 2958 1041 2999; x_wconf 82' lang='lat' dir='ltr'><strong>gods,</strong></span> <span class='ocrx_word' id='word_1_253' title='bbox 1059 2957 1242 2998; x_wconf 85' lang='lat' dir='ltr'><strong>excluding</strong></span> <span class='ocrx_word' id='word_1_254' title='bbox 1258 2958 1403 2998; x_wconf 85' lang='lat' dir='ltr'><strong>perjury.</strong></span> 
     </span>
    </p>

    <p class='ocr_par' dir='ltr' id='par_1_23' title="bbox 232 3013 1136 3059">
     <span class='ocr_line' id='line_1_41' title="bbox 232 3013 1136 3059; baseline -0.001 -14"><span class='ocrx_word' id='word_1_255' title='bbox 232 3016 303 3057; x_wconf 85' lang='lat'>158.</span> <span class='ocrx_word' id='word_1_256' title='bbox 331 3015 414 3047; x_wconf 89' lang='lat' dir='ltr'><strong>Esse</strong></span> <span class='ocrx_word' id='word_1_257' title='bbox 431 3014 554 3059; x_wconf 85' lang='lat' dir='ltr'><strong>canis.]</strong></span> <span class='ocrx_word' id='word_1_258' title='bbox 601 3016 695 3056; x_wconf 84' lang='lat' dir='ltr'><strong>Esse,</strong></span> <span class='ocrx_word' id='word_1_259' title='bbox 716 3014 804 3057; x_wconf 87' lang='lat' dir='ltr'><strong>here,</strong></span> <span class='ocrx_word' id='word_1_260' title='bbox 829 3029 856 3040; x_wconf 89' lang='lat'>=</span> <span class='ocrx_word' id='word_1_261' title='bbox 876 3013 974 3045; x_wconf 88' lang='lat' dir='ltr'><strong>edere</strong></span> <span class='ocrx_word' id='word_1_262' title='bbox 990 3015 1041 3054; x_wconf 82' lang='lat' dir='ltr'><strong>(to</strong></span> <span class='ocrx_word' id='word_1_263' title='bbox 1057 3014 1136 3054; x_wconf 86' lang='lat' dir='ltr'><strong>eat).</strong></span> 
     </span>
    </p>
   </div>
  </div>
 </body>
</html>
