2594 3749
810 348 877 379 ΟΝ
911 350 1229 384 VULTURNUS.
1835 348 1916 400 283

290 462 362 505 Sic
385 478 560 518 quoque
585 463 754 506 Nasoni
778 479 946 518 poenas
968 466 1088 509 dedit
1112 466 1340 522 improbus
1364 469 1470 520 Ibis,

347 533 407 573 Et
430 532 583 574 didicit
606 533 743 574 fortes
765 533 944 576 vatibus
966 549 1064 577 esse
1088 550 1264 578 manus.

291 601 351 642 Hi
375 608 512 655 quota
534 601 744 643 Vulturni
768 616 870 655 pars
894 610 1012 653 sunt,
1037 605 1257 646 crudelior
1278 606 1399 647 omni

345 670 533 712 Vulture
557 670 631 725 qui
654 678 831 712 nostras
854 673 1151 726 depopulatur
1172 675 1311 728 opes?

290 738 377 781 Hic
400 739 473 781 ubi
499 739 786 781 Bennachius
808 740 934 782 viridi
959 741 1180 796 crispatus
1203 743 1319 785 erica

346 808 512 863 Surgit,
537 816 578 850 et
602 808 796 850 aestivas
818 808 934 850 tollit
958 809 1001 850 in
1025 817 1147 852 astra
1170 811 1320 861 nives;

289 878 431 919 Parva
455 877 563 919 mihi
586 879 745 920 domus
768 885 850 928 est,
874 879 1037 920 cubitis
1058 879 1131 921 vix
1153 880 1284 921 altior
1305 888 1421 931 oet0,

346 948 428 988 Est
451 962 586 1002 super
607 947 827 1002 impositis
851 963 963 1002 pene
985 949 1162 1003 sepulta
1185 949 1315 1003 iugis.

285 1014 397 1057 Tres
419 1023 541 1071 patet
564 1017 636 1058 hic
659 1017 769 1059 coeli
793 1017 989 1072 spatium
1014 1032 1101 1059 non
1125 1018 1320 1073 amplius
1343 1018 1488 1069 ulnas,

344 1086 557 1140 Horaque
581 1086 828 1129 brumalem
852 1087 1063 1129 terminat
1091 1102 1180 1129 una
1206 1087 1338 1129 diem.
1860 1102 1914 1141 30

285 1154 507 1196 Lubricus
529 1155 645 1197 hanc
668 1155 781 1197 infra
803 1156 997 1197 famulas
1020 1155 1128 1197 mihi
1152 1156 1347 1198 concitat
1370 1158 1513 1199 undas

342 1224 527 1273 Gadius,
553 1224 742 1267 Uriacas
766 1239 867 1266 mox
891 1225 1120 1267 subiturus
1142 1240 1298 1280 aquas.

284 1293 386 1335 Non
409 1294 560 1348 procul
585 1294 687 1336 hinc
709 1294 878 1349 gelidos
904 1295 1085 1336 Helices
1107 1302 1338 1349 porrectus
1360 1296 1415 1337 ad
1438 1294 1578 1349 igneS,

342 1364 426 1405 Est
450 1364 653 1406 modicus
675 1364 802 1406 nobis
825 1371 868 1406 et
892 1364 1009 1406 male
1033 1364 1210 1419 pinguis
1234 1379 1348 1419 ager.

283 1433 489 1476 Creditus
512 1433 731 1488 agricolae
755 1441 848 1475 est:
883 1448 987 1475 nam
1010 1448 1091 1475 nec
1115 1448 1185 1475 me
1209 1440 1352 1475 rastra
1374 1434 1606 1483 decebant,

338 1503 455 1557 Apta
477 1517 558 1544 nec
582 1504 637 1544 ad
661 1503 823 1544 stivam
847 1509 1001 1544 nostra
1024 1509 1205 1545 senecta
1226 1502 1324 1544 fuit.

284 1571 385 1613 Hac
407 1585 490 1626 ope
513 1572 660 1614 cultus
683 1586 788 1626 ager
809 1571 932 1613 tenui
956 1586 1033 1626 pro
1056 1586 1202 1613 messe
1226 1570 1466 1625 quotannis

341 1640 569 1682 Pendebat
592 1641 771 1682 domino
794 1655 931 1695 parva
953 1640 1122 1682 tributa
1144 1655 1239 1682 suo.

282 1708 493 1751 Mollibus
515 1716 557 1751 et
580 1709 748 1752 victum
773 1709 905 1759 natis,
929 1709 1169 1763 vetuloque
1192 1708 1364 1764 parenti

341 1779 565 1829 Praebuit,
589 1786 632 1821 et
655 1779 802 1829 matri,
826 1794 959 1833 quam
985 1780 1116 1820 modo
1139 1779 1282 1820 cernis
1305 1793 1457 1820 anum.
1856 1791 1911 1832 40

283 1846 378 1889 Risi
401 1862 482 1902 ego
506 1847 705 1890 Niliacas
728 1862 827 1889 mea
850 1862 1036 1889 cernens
1063 1847 1242 1902 praedia
1265 1862 1450 1897 messes,

338 1917 397 1958 Et
421 1931 711 1971 quascunque
735 1916 862 1958 metit
886 1916 1062 1958 decolor
1086 1917 1225 1958 Indus
1248 1930 1368 1970 opes.

280 1986 374 2027 Nec
398 1985 506 2027 mihi
531 2000 629 2028 sum
653 1985 776 2027 visus
801 1987 1036 2027 Persarum
1060 1985 1238 2039 regibus
1261 1985 1418 2039 impar,

338 2054 515 2096 Gaudia
537 2069 618 2096 nec
642 2054 850 2108 cuiquam
875 2068 970 2095 sors
994 2068 1074 2095 sua
1097 2053 1224 2108 plura
1246 2052 1363 2095 tulit.

280 2124 412 2165 Nunc
435 2138 516 2178 ego
538 2123 788 2178 disparibus
810 2137 1021 2165 numeros
1048 2123 1311 2164 modulabar
1337 2121 1504 2171 avenis,

338 2193 465 2234 Haec
489 2192 650 2247 quibus
672 2192 822 2234 infelix
844 2191 1094 2233 luxuriatur
1116 2191 1295 2232 humus.

279 2261 411 2303 Nunc
436 2261 760 2315 Fergusiadum
785 2262 980 2302 conabar
1002 2260 1154 2301 tollere
1178 2273 1330 2313 regum

336 2331 477 2372 Gesta
501 2331 716 2371 Maronea
740 2328 1036 2383 Maeoniaque
1058 2328 1179 2369 tuba.

278 2400 373 2440 Nec
396 2413 495 2441 raro
518 2399 717 2441 studium
741 2398 921 2440 domino
945 2397 1093 2439 minus
1117 2396 1224 2438 utile
1248 2396 1468 2449 linquens,

334 2468 565 2510 Vellebam
591 2467 762 2509 medica
783 2466 988 2522 gramina
1011 2472 1117 2507 nota
1140 2479 1287 2507 manu.
1853 2473 1906 2516 50

277 2535 350 2579 Sic
373 2551 454 2591 ego
478 2536 655 2579 solabar
674 2536 850 2578 tristem
874 2535 1025 2590 procul
1050 2535 1156 2576 urbe
1179 2539 1425 2582 senectam,

216 2691 268 2713 21.
294 2682 390 2723 1bis.]
436 2683 510 2715 The
528 2682 629 2715 satire
646 2682 789 2715 entitled
813 2686 832 2700 “
847 2682 917 2714 Ibis
930 2682 947 2697 ''
973 2681 1005 2713 in
1030 2681 1088 2713 the
1113 2681 1240 2723 Corpus
1259 2679 1477 2716 0vidianum,
1496 2676 1666 2719 supposed
1683 2683 1719 2708 to
1735 2676 1777 2708 be
1794 2675 1905 2707 aimed

105 2741 138 2766 at
156 2737 188 2767 H
239 2737 325 2770 inus.

191 2747 268 2831 Υξς.
293 2791 377 2823 Tres
394 2793 516 2833 patet.]
570 2792 786 2833 Description
811 2791 926 2832 points
949 2797 984 2822 to
1008 2801 1028 2821 a
1051 2790 1178 2821 liollow
1195 2789 1228 2820 in
1246 2789 1303 2819 the
1320 2788 1398 2819 hills
1414 2787 1496 2818 with
1513 2787 1556 2817 its
1572 2786 1658 2817 little
1674 2785 1776 2826 patch
1793 2785 1832 2816 of
1844 2784 1905 2824 sky

103 2844 231 2877 seldom
247 2846 369 2878 visited
386 2848 430 2888 by
446 2848 504 2879 the
521 2848 587 2879 low
602 2847 722 2878 winter
741 2846 1001 2887 sun.—Virgil's
1017 2845 1122 2877 riddle
1147 2854 1184 2876 as
1208 2851 1244 2875 to
1269 2854 1288 2875 a
1311 2843 1397 2884 deep
1419 2841 1602 2874 draw-well
1620 2840 1722 2881 (Ecl.,
1744 2840 1808 2870 111.
1829 2838 1902 2880 105)

103 2900 250 2942 supplies
265 2901 323 2932 the
340 2901 481 2933 allusive
499 2902 658 2943 imagery.

215 2957 267 2996 48.
293 2956 484 2996 Maronea]
530 2956 615 2987 This
633 2955 798 2997 adjective
815 2955 864 2987 sor
883 2958 903 2972 “
917 2955 1083 2996 Virgilian
1097 2954 1112 2967 ''
1131 2963 1250 2985 occurs
1268 2953 1300 2983 in
1320 2951 1461 2989 Statius,
1478 2950 1586 2992 Sylv„
1606 2949 1664 2980 IV.
1682 2959 1771 2989 455.
