2594 3749
697 345 777 385 150

1475 343 1714 374 PARERGA.

865 459 982 501 Orbe
1005 466 1230 514 pererrato
1261 459 1397 502 silvas
1422 466 1607 502 venator
1629 466 1671 502 et
1695 474 1860 515 auceps

923 529 1043 570 Dum
1067 535 1321 582 peragrant,
1346 527 1512 570 nimius
1533 535 1663 571 vexat
1687 535 1925 583 utrumque
1948 529 2085 570 labor.

862 598 946 638 Ars
968 611 1067 639 mea
1090 597 1150 638 nil
1175 604 1351 652 praeter
1376 597 1704 640 delectamenta
1732 597 1971 647 ministrat,

920 667 1154 722 Quemque
1176 673 1329 709 vetant
1354 667 1489 721 leges,
1514 682 1619 709 cura
1642 667 1791 710 labore
1815 674 1950 709 caret.

864 736 991 790 Rupe
1015 737 1176 777 sedens
1198 736 1290 778 alta
1312 735 1477 778 vitreas
1500 751 1581 790 ego
1604 736 1802 778 fluminis
1826 737 1983 785 undas,

920 805 978 846 Et
1003 804 1128 847 nitidi
1153 805 1356 859 speculor
1378 819 1591 859 squamea
1614 812 1738 859 terga
1761 805 1921 859 gregis.

865 873 1051 915 Praedia
1075 879 1178 915 sunt
1203 873 1426 928 lymphae,
1452 874 1678 915 salmones
1700 888 1850 916 annua
1874 873 2048 923 messis,

920 943 1019 984 Hoc
1043 942 1150 984 mihi
1174 942 1363 997 vectigal
1387 943 1583 997 pensitat
1606 943 1724 985 alma
1747 942 1920 984 Thetis.

862 1012 974 1065 Spes
997 1011 1127 1053 simul
1151 1011 1330 1061 affulsit,
1356 1012 1520 1053 laetum
1546 1013 1598 1054 de
1621 1027 1728 1066 rupe
1752 1012 1978 1054 celeusma

920 1081 1118 1130 Intonat,
1144 1086 1315 1122 arrecta
1336 1080 1497 1134 vulgus
1520 1080 1562 1122 id
1585 1095 1691 1122 aure
1715 1080 1838 1122 bibit.

862 1149 955 1190 Nec
978 1163 1115 1198 mora,
1136 1163 1216 1190 nec
1239 1148 1427 1202 requies,
1452 1149 1561 1190 levis
1584 1156 1863 1191 armamenta
1886 1148 2094 1191 iuventus

919 1217 1126 1272 Expedit,
1151 1224 1192 1259 et
1217 1218 1358 1259 multo
1382 1217 1549 1272 remige
1571 1218 1708 1259 fervet
1732 1233 1863 1271 aqua.

862 1286 993 1328 Retia
1016 1300 1118 1340 pars
1142 1286 1306 1336 sinuat,
1332 1286 1499 1340 spargit
1523 1301 1625 1341 pars
1649 1301 1737 1328 una
1760 1286 1950 1340 lapillos,

919 1355 1028 1396 Pars
1051 1369 1160 1396 cava
1183 1354 1360 1409 captivo
1383 1369 1484 1396 cum
1508 1369 1639 1409 grege
1663 1355 1754 1396 lina
1776 1355 1930 1396 trahit.

861 1423 1092 1464 Lintribus
1114 1422 1304 1465 eiectum
1328 1429 1502 1465 mutum
1525 1438 1661 1477 pecus
1684 1423 1799 1465 inter
1820 1438 1979 1465 arenas

919 1491 1129 1546 Palpstat,
1154 1498 1196 1533 et
1220 1493 1339 1533 nudo
1362 1493 1444 1534 sub
1469 1493 1573 1534 Iove
1597 1498 1749 1547 captat
1773 1507 1926 1546 aquas.

861 1561 985 1601 Haec
1010 1566 1154 1609 necat,
1180 1566 1386 1602 enectum
1410 1575 1512 1615 pars
1534 1561 1645 1602 haec
1668 1561 1900 1611 eviscerat,
1924 1575 2012 1603 una

914 1628 1109 1683 Tergore
1131 1630 1414 1683 desquamat,
1437 1629 1587 1672 condit
1612 1636 1655 1671 et
1678 1644 1767 1672 una
1790 1630 1896 1672 sale.

860 1698 991 1740 Retia
1014 1713 1114 1740 cum
1138 1705 1334 1749 cessant,
1357 1713 1573 1741 venamur
1595 1699 1812 1741 arundine
1835 1699 1995 1753 pisces,

914 1768 1150 1822 Curvaque
1173 1767 1376 1810 mendaci
1400 1768 1634 1810 condimus
1656 1783 1759 1810 aera
1781 1769 1908 1822 dape.

861 1836 1069 1878 Protinus
1092 1836 1136 1877 in
1160 1837 1370 1891 praedam
1394 1851 1552 1879 caecae
1575 1851 1685 1892 gens
1707 1837 1857 1879 nescia
1879 1837 2068 1879 technae

917 1905 1106 1955 Involat‚
1130 1912 1172 1947 et
1197 1905 1336 1948 nimia
1358 1906 1620 1948 credulitate
1644 1906 1772 1961 perit.

859 1974 1028 2015 Pabula
1052 1973 1087 2015 si
1111 1975 1272 2016 desunt
1299 1974 1414 2028 (quis
1436 1975 1553 2016 enim
1576 1981 1643 2016 tot
1666 1975 1806 2017 millia
1830 1981 1984 2029 pascat
2003 1975 2062 2024 ?):

910 2043 1024 2084 Aera
1048 2043 1191 2084 solent
1215 2043 1366 2097 pluma
1390 2044 1667 2086 multicolore
1690 2043 1795 2097 tegi.

856 2111 1009 2152 Assilit
1034 2111 1168 2153 illicio
1195 2112 1337 2154 salmo
1363 2111 1628 2162 tirunculus,
1653 2113 1837 2154 hamum

917 2181 1021 2222 Mox
1042 2187 1183 2231 vorat,
1207 2188 1250 2223 et
1272 2183 1462 2235 praedae
1486 2183 1649 2236 praeda
1672 2182 1720 2222 fit
1744 2181 1838 2235 ipse
1863 2196 1983 2223 suae.

856 2250 971 2305 Quid
995 2250 1161 2292 faciat?
1196 2265 1242 2292 se
1266 2250 1424 2304 mergit
1448 2251 1591 2305 aquis,
1616 2251 1876 2305 indultaque
1899 2251 1990 2293 lina

916 2318 1073 2360 Infelix
1096 2318 1256 2369 lacero,
1281 2333 1367 2373 qua
1385 2319 1511 2374 fugit,
1536 2334 1609 2361 ore
1626 2319 1779 2361 trahit.

858 2388 989 2429 Nunc
1013 2387 1098 2429 ruit
1122 2387 1166 2428 in
1190 2402 1416 2442 praeceps,
1440 2388 1609 2430 revolat
1632 2403 1749 2430 nunc
1773 2388 1929 2430 obvius
1952 2388 2088 2437 amni,

916 2458 1045 2498 Nunc
1069 2456 1204 2498 miser
1225 2456 1403 2511 obliquo
1425 2457 1604 2499 tramite
1627 2458 1760 2499 verrit
1784 2472 1939 2511 aquas.

858 2525 988 2566 Nunc
1012 2540 1057 2566 se
1081 2525 1317 2568 turbidulis
1339 2532 1455 2568 rotat
1482 2533 1524 2568 et
1548 2526 1744 2568 luctatur
1766 2526 1810 2567 in
1835 2526 1977 2576 undis,

914 2594 1045 2635 Nunc
1068 2593 1176 2644 hiat,
1201 2600 1243 2636 et
1268 2608 1365 2636 sero
1387 2601 1570 2649 guttura
1592 2609 1707 2637 vana
1731 2595 1886 2649 quatit.

858 2662 980 2703 Mille
1003 2662 1219 2716 fatigatus
1242 2663 1466 2705 meandris
1488 2663 1674 2704 flumina
1696 2665 1876 2705 tandein

915 2730 1113 2784 Linquit,
1137 2738 1179 2773 et
1203 2731 1246 2772 in
1271 2731 1388 2774 sicco
1409 2731 1557 2774 littore
1584 2733 1748 2786 praeda
1775 2732 1905 2774 iacet.

863 2898 913 2928 53.
941 2889 1077 2928 111icio.]
1123 2890 1209 2921 Case
1226 2890 1296 2920 osa
1311 2900 1383 2922 rnre
1401 2900 1505 2927 noun,
1524 2890 1790 2922 illicium=bait.

867 2954 917 2983 55.
946 2944 989 2974 Se
1006 2944 1127 2984 mergit
1146 2944 1269 2985 aquis.]
1313 2945 1397 2975 This
1413 2945 1522 2976 whole
1539 2946 1744 2986 description
1762 2946 1800 2976 of
1812 2956 1831 2976 a
1848 2945 2101 2976 snlmon-chase
2119 2944 2145 2975 is
2162 2950 2250 2975 most
2269 2943 2433 2985 pictorial.
2514 2937 2521 3100 l

2436 542 2490 581 30

2433 1232 2488 1273 40

2431 1919 2483 1961 50

2428 2595 2481 2635 60

2518 2687 2528 2934 s

2511 3103 2516 3191 l
