2594 3749
704 332 756 385 56
1479 336 1720 369 PARERGA.

873 458 1006 499 Hunc
1030 454 1107 499 tibi
1131 462 1179 498 tu
1203 454 1362 504 socias,
1388 453 1473 503 cui,
1499 453 1533 495 si
1557 454 1624 496 fas
1651 468 1755 496 vera
1778 452 1921 502 fateri,

929 526 1116 567 Summa
1137 523 1218 566 fuit
1242 529 1417 565 nostras
1438 521 1577 576 gloria
1599 522 1709 564 ferre
1733 523 1884 576 dapes.

872 593 1043 643 Infelix,
1068 592 1182 634 hanc
1206 606 1292 646 quo
1315 597 1546 646 praetexes
1569 590 1747 632 nomine
1771 589 1947 644 culpam
1966 589 1982 631 Ρ

928 661 996 702 Ne
1019 674 1093 702 rea
1116 658 1191 709 sis,
1216 659 1356 713 finges
1379 658 1482 712 quid
1507 658 1721 700 meruisse
1743 657 1922 700 virum?

873 731 973 771 Non
997 744 1078 783 ego
1101 728 1293 782 coniugii
1318 727 1503 769 invitam
1529 733 1572 769 te
1595 727 1639 768 in
1662 727 1807 769 vincla
1831 726 1982 781 coegi:

929 799 1023 840 Nec
1045 797 1126 839 fuit
1150 804 1348 839 armatus
1372 810 1451 838 nec
1474 795 1697 838 violentus
1721 809 1859 837 amor.

872 865 926 907 Vi
953 867 1121 907 Boreae
1148 864 1355 918 Ditisque
1377 864 1510 913 furor,
1534 863 1575 905 vi
1605 864 1777 905 Nessus
1800 862 1969 905 amicas

927 936 1149 990 Quaerat:
1185 933 1409 976 barbaries
1431 947 1519 974 non
1542 934 1667 975 decet
1691 932 1777 974 ista
1799 932 1932 974 viros.
2446 943 2501 983 30

874 1004 960 1045 Sed
985 1017 1127 1056 neque
1151 1010 1192 1043 te
1217 1001 1415 1056 pluvium
1441 1000 1596 1056 pellexi
1620 1015 1775 1042 versus
1798 1000 1841 1041 in
1866 1014 2039 1049 aurum,

932 1073 1026 1113 Nec
1050 1072 1158 1113 bove
1183 1085 1263 1112 nec
1285 1069 1398 1112 falsa
1420 1069 1731 1112 dissimulatus
1755 1084 1850 1111 ave.

872 1139 940 1180 Ah
964 1146 1160 1193 pereant,
1185 1137 1437 1192 quicunque
1460 1137 1560 1179 dolo
1584 1136 1806 1179 connubia
1829 1143 2073 1191 quaerunt:
2099 1144 2109 1154 ⁸

932 1209 1091 1249 Nudus
1114 1221 1238 1248 amor
1259 1208 1423 1260 gaudet
1448 1206 1736 1260 simplicitate
1760 1205 1854 1248 coli.

875 1278 1042 1331 Sponte
1066 1283 1143 1318 tua
1167 1275 1423 1329 (manifesta
1445 1274 1619 1329 loquor)
1643 1275 1751 1316 mihi
1776 1280 1917 1329 nupta
1941 1273 2116 1323 marito,

932 1345 1024 1387 Sim
1050 1352 1168 1395 tuus,
1193 1344 1359 1394 aiebas,
1383 1351 1432 1386 tu
1457 1358 1583 1385 meus
1606 1343 1721 1398 ignis
1743 1343 1843 1385 eris.

874 1415 987 1457 Cum
1015 1413 1251 1463 thalamos,
1282 1412 1527 1462 Saravicto,
1553 1419 1668 1462 tuos,
1696 1412 1898 1462 Biomea,
1922 1411 2156 1466 relinquet,

934 1484 984 1524 In
1009 1489 1142 1537 caput
1166 1484 1385 1537 urgebunt
1414 1482 1538 1524 Albis
1561 1489 1603 1523 et
1630 1483 1744 1523 Ister
1771 1496 1925 1536 aquas.

876 1552 1016 1594 Fluxa
1040 1567 1144 1593 suas
1167 1559 1320 1593 sancte
1343 1558 1576 1593 servarunt
1599 1550 1785 1592 flumina
1811 1550 1945 1604 leges,

932 1622 990 1662 Et
1015 1620 1127 1662 situs
1150 1627 1192 1661 et
1215 1634 1385 1670 cursus,
1411 1619 1485 1673 qui
1508 1619 1589 1661 fuit
1613 1626 1731 1669 ante,
1757 1625 1925 1661 manet.
2449 1631 2503 1672 40

874 1688 943 1730 Tu
967 1687 1205 1738 thalamos,
1232 1688 1432 1737 Biomea,
1457 1687 1522 1729 tui
1547 1687 1865 1737 Saravictonis,
1889 1687 2026 1728 eheu!

936 1756 1130 1806 Deseris,
1151 1764 1193 1798 et
1217 1770 1378 1797 nomen
1403 1755 1604 1809 coniugis
1627 1755 1739 1797 alter
1760 1756 1908 1797 habet.

876 1825 1054 1868 Crimen
1078 1825 1191 1867 inest
1214 1825 1358 1867 facto:
1392 1825 1568 1867 veniam
1594 1826 1670 1866 sed
1694 1824 1823 1880 culpa
1847 1824 2003 1866 mereri

935 1895 1106 1944 Posset,
1131 1894 1347 1936 adulterio
1370 1893 1436 1935 vis
1458 1893 1542 1935 nisi
1565 1893 1717 1936 iuncta
1743 1894 1868 1935 foret.

879 1962 1068 2016 Hospite
1091 1969 1223 2017 capta
1246 1977 1340 2012 suo,
1365 1977 1466 2004 cum
1491 1962 1634 2017 coepit
1657 1962 1859 2004 adultera
1881 1962 1966 2004 dici

933 2030 1169 2086 Tyndaris,
1195 2030 1384 2080 erubuit,
1409 2030 1709 2085 corripuitque
1731 2031 1898 2085 fugam.

875 2099 944 2141 Tu
968 2099 1130 2141 scelere
1153 2100 1350 2142 admisso
1372 2099 1564 2149 infamis,
1589 2115 1670 2142 sua
1691 2100 1813 2141 frena
1836 2099 1990 2154 pudori

936 2167 1135 2217 Excutis‚
1160 2175 1202 2209 et
1226 2168 1426 2222 iugulum
1450 2167 1651 2222 coniugis
1673 2182 1778 2209 ense
1801 2167 1927 2222 petis.

878 2239 1002 2292 Quae
1026 2244 1230 2292 stuprum
1255 2237 1427 2279 reducis
1451 2237 1695 2279 cumulavit
1719 2239 1852 2279 caede
1880 2236 2042 2285 mariti,

937 2307 1035 2347 Hoc
1060 2305 1207 2347 minus
1229 2320 1338 2347 ausa
1360 2305 1441 2347 fuit
1467 2305 1603 2348 Graia
1627 2305 1773 2359 puella
1796 2305 1934 2347 nefas.
2450 2315 2504 2356 50

879 2374 980 2414 Iure
1002 2373 1119 2415 dedit
1145 2387 1311 2428 poenas
1333 2381 1483 2427 raptor
1507 2373 1745 2422 Briseidis;
1781 2387 1888 2415 uxor

938 2443 1037 2483 Iure
1060 2441 1141 2484 fuit
1165 2443 1321 2496 longas
1343 2440 1543 2495 coniugis
1566 2441 1659 2484 ulta
1683 2456 1845 2483 moras,

822 2603 871 2634 24.
898 2595 997 2626 Ferre
1025 2594 1159 2635 dapes]
1214 2593 1370 2626 Allusion
1395 2601 1431 2626 to
1455 2594 1512 2626 the
1536 2593 1634 2626 office
1657 2594 1697 2626 of
1718 2594 1853 2626 Elector
1881 2593 2045 2630 Palafine,
2072 2603 2108 2624 as
2133 2591 2365 2633 Archidapiser
2390 2591 2429 2624 of
2448 2591 2505 2623 the

705 2664 724 2678 ⁴⁶
740 2660 832 2700 Holy
851 2661 980 2691 Roman
1001 2659 1136 2701 Empire
1151 2659 1180 2690 '’.
1228 2660 1307 2701 (See
1325 2660 1416 2691 Note
1433 2669 1477 2691 on
1498 2660 1563 2691 No.
1582 2659 1661 2690 V11.
1681 2659 1749 2691 line
1770 2660 1856 2699 182.)

820 2723 872 2754 ²9·
896 2714 938 2745 Vi
958 2715 1113 2754 Boreae.]
1157 2714 1305 2746 Amours
1322 2714 1466 2746 referred
1483 2720 1519 2745 to
1535 2714 1574 2746 of
1586 2714 1671 2755 gods
1687 2714 1769 2746 with
1787 2713 1975 2755 Oreithyia‚
1996 2712 2223 2754 Persephone,
2246 2710 2436 2743 Deianeira.

821 2779 872 2808 31.
900 2769 1053 2800 Pluvium
1071 2779 1201 2806 aurum,
1219 2770 1299 2808 etc.]
1352 2769 1527 2800 Allusions
1544 2775 1579 2800 to
1599 2769 1728 2807 Danae,
1749 2769 1893 2810 Europa,
1912 2768 1979 2800 and
1999 2767 2103 2799 Leda.

820 2823 871 2862 38.
898 2822 936 2852 In
955 2822 1085 2864 caput.]
1131 2822 1184 2863 Cf.
1204 2822 1411 2864 Euripides‘s
1428 2823 1491 2855 ἄνω
1506 2825 1657 2862 ποταμῶν
1673 2822 1706 2853 in
1730 2822 1861 2859 Medea,
1879 2831 1917 2853 as
1942 2828 1976 2853 to
2011 2823 2033 2837 ‘⁴
2047 2820 2150 2852 rivers
2173 2819 2321 2860 running
2345 2818 2450 2860 uphiu
2466 2820 2505 2856 '⁷;

706 2877 779 2907 also
795 2877 893 2913 Ovid,
913 2877 1000 2915 TrIs,
1023 2877 1048 2908 1.
1066 2878 1097 2913 8,
1120 2887 1130 2907 1
1148 2886 1154 2912 ;
1180 2878 1289 2914 Puni„
1310 2878 1368 2908 IV.
1387 2878 1416 2914 6.
1435 2879 1487 2918 46,
1505 2877 1572 2909 and
1589 2877 1681 2919 infra
1700 2877 1863 2908 XXXIII.
1881 2875 2066 2918 subfincm.

821 2940 872 2969 50.
899 2930 1001 2961 Graia
1019 2931 1160 2972 puella]
1205 2931 1274 2969 i.c.,
1296 2932 1556 2971 clytemnestra,
1574 2932 1652 2963 who
1668 2930 1748 2962 slew
1767 2931 1823 2962 the
1848 2934 1993 2971 “raptor
2012 2929 2206 2966 Briseidis,''
2231 2929 2297 2960 line
2314 2938 2366 2968 51.
