2594 3749
574 327 840 369 EUDEMIA'S
871 337 1032 370 GHosT
1064 338 1127 370 To
1158 339 1429 373 EUDEMIUs.
1816 343 1896 386 277

416 736 585 777 XLVI.
623 735 968 778 EUDEMIAE
1003 735 1229 777 UMBRA
1262 735 1580 779 EUDEMIO.

273 863 396 917 Quas
422 860 545 916 legis,
571 860 778 911 Eudemi,
803 862 960 903 ductas
986 860 1222 914 ferrugine,
1246 860 1416 916 campis

331 930 454 972 Misit
478 932 533 972 ab
557 930 724 985 Elysiis
746 930 949 985 coniugis
972 932 1128 973 umbra
1151 938 1296 972 notas.

271 1000 316 1042 Si
341 999 444 1053 quid
468 1014 597 1054 agam
621 999 799 1054 rogites,
823 1014 905 1054 ego
927 1014 1129 1041 moerens
1153 1000 1269 1041 inter
1289 1006 1474 1042 ovantes

331 1071 557 1111 Humecto
579 1068 775 1111 lacrimis
797 1069 952 1111 florida
974 1076 1102 1123 prata
1124 1069 1250 1111 meis.

271 1139 430 1180 Cetera
452 1139 582 1180 turba
605 1137 721 1188 silet,
745 1138 940 1192 querulis
963 1152 1044 1192 ego
1065 1138 1249 1180 vocibus
1272 1144 1385 1189 utor,

327 1207 450 1261 Quas
473 1207 582 1248 mihi
604 1213 836 1249 truncatas
857 1207 1000 1249 reddit
1022 1207 1154 1249 inane
1177 1208 1327 1250 chaos.

272 1278 374 1318 Non
396 1284 547 1319 tamen
572 1283 647 1319 aut
671 1276 881 1328 lacrimis,
906 1277 1102 1332 querulis
1125 1285 1201 1319 aut
1224 1277 1408 1320 vocibus
1430 1292 1572 1332 aequo

330 1347 445 1396 Hoc,
469 1360 550 1400 ego
573 1347 690 1400 quod
713 1361 812 1388 sum
836 1353 936 1401 post
959 1347 1114 1389 funera
1137 1361 1285 1401 passa,
1310 1347 1450 1388 nefas.

269 1415 354 1456 Vix
376 1415 488 1457 bene
509 1415 782 1470 compositos
804 1415 974 1458 cineres
997 1415 1288 1457 circumdedit
1311 1415 1449 1457 armis

327 1484 395 1525 Ah
419 1483 553 1525 nimis
575 1484 771 1526 illustres
793 1485 924 1526 turba
947 1490 1138 1539 sequuta
1161 1485 1322 1526 duces:
1846 1497 1897 1526 10

271 1554 365 1595 Nec
388 1568 526 1604 mora,
550 1553 736 1595 recludit
759 1553 998 1604 tumulum,
1024 1553 1282 1608 cineresque
1304 1559 1505 1608 repostos

329 1622 458 1664 Eruit
481 1628 634 1664 aerata
656 1636 766 1677 gens
787 1622 1042 1665 truculenta
1065 1637 1212 1665 manu.

271 1692 426 1746 Deque
448 1691 724 1746 triumphato
747 1691 907 1734 cecinit
932 1693 1110 1734 Paeana
1133 1692 1384 1747 sepulchro,

328 1760 538 1803 Manibus
559 1760 782 1803 insultans
804 1760 1062 1815 exuviisque
1085 1761 1210 1803 meis.

269 1831 369 1872 Nox
390 1836 485 1872 erat
508 1836 551 1871 et
573 1830 809 1872 tenebrae:
842 1830 973 1872 testis
995 1845 1050 1872 ne
1072 1831 1238 1873 talibus
1260 1829 1381 1873 ausis

326 1899 401 1941 Sol
423 1899 549 1950 foret,
577 1899 797 1954 Hesperio
820 1906 1035 1942 merserat
1058 1914 1189 1942 amne
1212 1906 1346 1942 rotas.

270 1968 462 2010 Prandia
485 1967 547 2010 sic
570 1968 675 2010 olim
698 1967 874 2023 fugiens
897 1968 1078 2011 infanda
1100 1968 1327 2024 Thyestae

325 2036 530 2079 Sidereos
552 2044 669 2079 retro
691 2037 873 2079 territus
895 2037 985 2092 egit
1008 2052 1160 2092 equos

269 2107 325 2148 Se
349 2121 522 2160 quoque
544 2112 656 2156 tum,
681 2106 880 2157 memini,
905 2106 1124 2149 subtraxit
1149 2106 1345 2162 Cynthia
1368 2105 1512 2156 terris,

325 2176 531 2230 Namque
552 2177 829 2218 verecundus
851 2182 1022 2218 texerat
1045 2190 1121 2217 ora
1144 2177 1300 2230 pudor.
1842 2186 1895 2215 20

267 2244 482 2299 Quisquis
504 2251 597 2286 erat
621 2251 739 2286 certe
761 2251 854 2286 tam
877 2244 993 2287 foedi
1017 2244 1215 2287 criminis
1237 2251 1407 2294 auctor,

325 2312 505 2355 Nullius
527 2313 686 2355 meruit
711 2313 867 2355 sideris
889 2313 991 2368 igne
1012 2313 1110 2355 frui.

265 2382 408 2433 Absit,
432 2389 480 2424 ut
503 2382 622 2425 hunc
645 2383 822 2425 credam
847 2382 996 2425 Scotis
1019 2382 1262 2425 maioribus
1285 2388 1447 2431 ortum,

322 2453 411 2493 Aut
433 2451 610 2494 trahere
632 2466 658 2494 a
680 2451 825 2506 prisca
848 2451 1082 2494 nobilitate
1105 2466 1260 2507 genus.

266 2521 352 2563 Sed
374 2520 466 2563 fera
487 2520 556 2562 vel
579 2520 731 2575 genuit
757 2521 988 2576 Rhodope,
1013 2520 1082 2562 vel
1107 2521 1339 2563 Caucasus
1361 2519 1559 2567 horrens,

324 2589 532 2631 Proxima
553 2590 621 2631 vel
646 2589 817 2632 Geticis
845 2589 1065 2632 Sarmatis
1091 2604 1168 2631 ora
1190 2588 1320 2643 iugis.

265 2659 351 2700 Sed
375 2672 517 2712 neque
541 2659 858 2700 Sauromatum
882 2658 1048 2714 populi,
1073 2672 1154 2700 nec
1179 2657 1351 2699 Iazides
1374 2655 1473 2710 ipsi,

229 2794 258 2816 2.
285 2784 424 2826 Notas]
468 2784 533 2822 i.c.‚
550 2784 663 2816 marks
680 2794 717 2816 or
734 2783 963 2826 alphabetical
980 2784 1186 2816 characters.

206 2849 256 2881 27.
282 2839 443 2879 Iazides.]
489 2839 694 2871 Sometimes
712 2843 731 2857 ‘⁶
746 2839 927 2880 Iazydes,''
945 2849 1040 2871 more
1060 2837 1257 2879 commonly
1275 2841 1294 2855 “
1308 2836 1487 2878 Iazyges,”
1504 2836 1562 2867 the
1579 2834 1758 2866 barbarian
1777 2833 1896 2874 people

92 2891 124 2922 in
150 2893 327 2925 Pannonia
350 2892 481 2925 around
504 2893 562 2924 the
587 2893 722 2925 Theiss.
770 2893 857 2925 Ovid
881 2893 1003 2934 speaks
1027 2893 1067 2924 of
1085 2893 1178 2924 them
1203 2892 1285 2923 with
1311 2902 1331 2923 a
1354 2889 1512 2927 shudder,
1531 2889 1599 2921 and
1624 2889 1744 2920 Florus
1768 2898 1846 2929 says
1863 2888 1902 2920 of

91 2945 184 2978 them
200 2947 274 2979 that
291 2948 372 2989 they
388 2947 456 2979 had
473 2958 517 2979 no
533 2947 626 2979 word
643 2947 676 2978 in
694 2947 780 2979 their
796 2947 1004 2989 vocabulary
1019 2947 1070 2979 for
1094 2951 1113 2964 “
1127 2957 1230 2988 peace
1244 2945 1273 2978 '’.
