2594 3749
708 337 883 369 SATIRE
914 337 981 369 ON
1017 336 1284 369 EGLISIIEM.
1854 339 1901 377 19

0 391 1 421 ι

0 450 1 475 ¹
268 456 394 499 Talis
420 454 688 511 Hypermori
712 454 832 496 furor
855 460 921 495 est
941 469 949 495 :
984 467 1081 494 sese
1105 452 1176 494 ille
1203 460 1380 506 poetam

0 503 2 595 ἑ
326 525 492 574 Credit,
517 530 559 565 et
582 522 775 565 Aonium
800 522 949 577 pulsat
973 521 1152 575 ineptus
1179 522 1295 562 ebur.

0 619 3 687 y
271 595 372 636 Non
396 593 525 635 aliter
546 592 698 634 dulces
721 591 836 632 inter
859 589 1014 644 strepit
1038 603 1170 631 anser
1191 589 1348 638 olores,

326 664 414 704 Aut
438 661 591 715 patulo
615 659 766 701 cornix
789 673 890 701 cum
913 665 1043 700 vocat
1068 672 1141 699 ore
1166 659 1324 699 Notos.

270 730 462 773 Suavius
484 743 586 771 aera
610 735 771 770 sonant
797 726 1086 783 Corybantia,
1112 726 1294 768 suavius
1317 726 1392 767 illo

328 797 593 840 Arcadicum
618 803 768 851 posset
792 796 961 850 plectra
984 809 1160 836 movere
1183 808 1333 848 pecus.
1851 806 1903 845 30

271 866 509 908 Blanditur
530 872 683 907 tamen
706 864 780 906 ille
803 864 902 914 sibi,
927 877 1016 905 non
1039 863 1136 917 ipsa
1165 862 1364 904 Maronis

328 934 556 983 Carmina,
583 932 847 974 Maeonidae
871 946 959 974 non
982 938 1110 986 putat
1135 945 1276 984 aequa
1301 930 1407 972 suis

271 1005 366 1046 Nec
388 1004 508 1045 furor
529 1003 610 1044 has
633 1002 751 1044 intra
773 1001 918 1056 potuit
942 1001 1185 1043 consistere
1209 1007 1368 1049 metas,

331 1074 436 1128 Ipsa
459 1073 534 1114 sed
558 1071 752 1126 indignis
775 1070 983 1126 conspuit
1007 1076 1128 1112 astra
1152 1069 1311 1111 modis.

269 1141 335 1184 Te
357 1149 526 1191 vatum,
554 1141 843 1190 Buchanane,
865 1142 1017 1189 decus,
1042 1153 1174 1193 quem
1200 1138 1385 1193 suspicit
1411 1138 1540 1185 orbis,

332 1211 483 1253 Prisca
505 1210 575 1252 cui
599 1217 840 1264 assurgunt
864 1209 1058 1258 saecula,
1083 1208 1216 1249 dente
1240 1207 1365 1262 petit.

274 1282 354 1323 Ille
377 1280 466 1323 tuis
488 1281 623 1323 audet
651 1282 835 1322 demens
861 1280 1080 1334 oppedere
1110 1277 1269 1327 Musis,

0 1360 1 1389 ¹
329 1351 546 1405 Quodque
569 1348 722 1403 nequit
745 1348 856 1390 livor
878 1349 1073 1402 perdere,
1098 1346 1213 1388 rodit
1241 1360 1365 1400 opus.

272 1418 402 1461 Vatis
426 1418 653 1460 Iessiadae
677 1417 799 1459 cultu
823 1418 989 1459 donata
1013 1416 1178 1457 Latino

331 1487 543 1531 Carmina
566 1494 684 1536 sunt,
709 1486 784 1528 illo
807 1486 964 1536 iudice,
989 1485 1123 1539 digna
1149 1484 1268 1526 focis.
1858 1494 1909 1533 40

275 1558 402 1599 Haec
425 1556 538 1606 linit,
563 1557 673 1598 haec
697 1555 826 1605 radit,
851 1570 933 1598 nec
956 1569 1112 1597 saevos
1135 1553 1330 1596 abstinet
1359 1567 1545 1605 ungues,

332 1628 507 1670 Cuncta
530 1626 728 1675 abolens,
752 1639 963 1667 numeros
986 1623 1306 1677 substituitque
1331 1637 1450 1664 suos.

274 1695 362 1737 His
386 1696 482 1736 Rex
505 1693 737 1749 quaesitus
759 1700 989 1749 patronus,
1016 1692 1164 1734 Gallia
1187 1692 1332 1740 iudex,

330 1765 506 1814 Testes,
531 1771 638 1819 quot
662 1764 851 1819 populos
875 1763 1098 1805 maximus
1121 1762 1239 1804 orbis
1262 1762 1411 1803 habet.

275 1835 391 1877 Proh
416 1834 581 1889 pudor!
616 1832 814 1876 excussis
836 1846 1003 1874 vesana
1026 1831 1207 1873 licentia
1230 1830 1365 1872 frenis

329 1906 432 1961 Jam
457 1904 558 1954 ruit,
584 1911 626 1946 et
651 1904 797 1946 scelus
819 1909 902 1952 est,
928 1903 1043 1956 quod
1065 1901 1147 1943 fuit
1171 1908 1275 1943 ante
1298 1901 1430 1942 furor.

274 1975 519 2030 Spernitur,
542 1982 584 2016 et
607 1974 748 2016 foedis
768 1973 963 2016 violatur
984 1972 1141 2014 charta
1171 1971 1330 2020 lituris,

332 2046 478 2100 Quam
503 2044 644 2099 pinxit
667 2043 790 2086 radio
819 2042 1041 2098 Cynthius
1063 2042 1157 2096 ipse
1182 2056 1272 2082 suo.

274 2115 493 2170 Quodque
519 2115 615 2155 Deo
638 2112 798 2155 cecinit
822 2112 992 2166 plectro
1015 2110 1196 2152 meliore
1220 2111 1465 2157 Camoena‚

333 2183 478 2238 Impia
502 2197 620 2225 nunc
644 2183 777 2224 audet
801 2183 954 2223 radere
976 2180 1083 2221 lima
1107 2179 1258 2221 melos.
1858 2188 1909 2227 5o

277 2255 372 2295 Rex
395 2268 520 2295 sacer
542 2260 725 2294 exutum
757 2251 955 2306 queritur
978 2265 1023 2292 se
1046 2249 1162 2303 regis
1185 2248 1367 2296 amictu,

334 2324 393 2364 Et
420 2323 600 2364 Iessaea
624 2336 704 2363 suo
729 2321 896 2375 plectra
920 2334 1068 2362 carere
1092 2333 1214 2359 sono.

276 2392 370 2433 Nee
395 2398 645 2432 monstrum
669 2390 752 2431 hoc
776 2389 916 2444 parcit
939 2388 1124 2443 patriae,
1150 2387 1408 2442 patriaeque
1432 2385 1616 2439 parenti,

336 2461 431 2502 Ista
454 2459 615 2514 quibus
638 2460 822 2500 demens
846 2457 1011 2512 scripta
1034 2457 1221 2510 legenda
1239 2455 1374 2496 dedit.

277 2530 323 2572 Si
347 2544 435 2584 qua
460 2528 702 2571 Caledonio
724 2528 843 2569 facta
866 2534 934 2568 est
957 2526 1116 2567 iniuria
1139 2525 1244 2573 vati,

335 2598 501 2647 Scotia,
525 2605 584 2646 te,
608 2611 757 2651 regem
781 2595 925 2650 tangit
949 2602 992 2636 et
1016 2594 1091 2637 illa
1114 2602 1255 2635 tuum.

0 2704 4 2723 ,
275 2669 341 2710 Τ6
363 2682 500 2723 penes
522 2667 641 2709 illius
664 2674 768 2709 sunt
792 2665 1078 2715 incunabula,
1104 2666 1158 2706 ab
1181 2664 1256 2705 illo

0 2729 5 2850 ι
337 2739 480 2779 Parva
502 2736 620 2786 licet,
645 2751 876 2790 magnum,
902 2735 1068 2784 Scotia,
1093 2748 1254 2775 nomen
1278 2733 1430 2774 habes.

0 2858 6 3071 i

0 3122 5 3147 ι

0 3173 5 3196 i

219 2862 271 2892 39.
299 2852 400 2883 Cultu
417 2851 545 2883 donata
562 2850 716 2890 Latina]
763 2849 982 2881 Buchanan's
999 2859 1076 2880 own
1095 2848 1217 2889 phrase
1234 2847 1267 2878 in
1286 2847 1339 2877 his
1357 2845 1561 2876 Dedication
1581 2851 1616 2875 to
1635 2844 1753 2885 Queen
1774 2844 1882 2883 Mary.

220 2916 271 2946 51.
301 2907 371 2937 Rex
389 2906 513 2946 sacen]
560 2905 652 2946 King
671 2904 781 2936 David
799 2904 990 2945 complains
1006 2903 1045 2934 os
1062 2902 1165 2943 being
1181 2901 1256 2933 clad
1275 2901 1307 2932 in
1325 2910 1402 2941 rags
1419 2900 1463 2940 by
1481 2909 1500 2931 a
1517 2905 1699 2940 poetaster.

219 2970 270 3003 53.
300 2960 499 3003 Patriaeque
516 2959 678 3002 parenti.]
723 2958 792 2997 ἰ.ι’.,
811 2959 903 3000 King
918 2959 1034 3001 James
1052 2958 1078 2988 Ι.
1097 2957 1136 2988 of
1149 2955 1320 2999 England.
