2594 3749
753 322 965 363 LESLIE’S
996 331 1300 366 COMPLAINT.
1841 329 1920 383 167

354 447 562 501 Undique
585 447 821 489 thesauros
844 447 976 502 cogit,
1001 454 1044 490 et
1068 448 1188 491 abdit
1212 450 1348 492 humi.

296 516 504 559 Forsitan
527 517 610 558 hoc
633 516 735 558 belli
759 531 917 558 nervos
941 518 1159 559 conclusit
1183 518 1227 559 in
1251 527 1389 563 antro.

351 585 555 639 Totaque
578 600 647 627 res
670 585 771 627 istic
794 600 984 640 spesque
1007 593 1185 640 reposta
1207 588 1306 630 fuit.

294 653 406 709 Quis
428 660 553 708 putet
576 668 674 696 esse
696 654 835 704 nefas,
861 654 896 696 si
923 654 1005 696 Dis
1028 655 1285 709 emungitur
1311 658 1450 699 auro?

354 722 497 777 Impia
520 722 556 764 si
580 722 681 765 belli
706 724 870 765 subruo
896 723 1036 765 fulcra
1061 723 1233 765 trucis?
1870 730 1923 770 Oo

295 792 384 833 Fas
406 791 514 832 mihi
537 791 609 841 sit,
633 791 766 842 cives,
791 792 945 846 spoliis
967 794 1160 846 gaudere
1182 793 1381 848 repertis,

351 861 452 901 Non
476 874 557 915 ego
580 875 681 903 cum
707 861 863 916 Stygio
886 861 1084 916 principe
1107 862 1222 904 bella
1244 877 1365 917 paro.

295 929 382 971 Sed
405 943 547 983 neque
570 930 651 971 fert
675 930 852 971 animus
875 931 1061 972 mercari
1084 945 1199 981 rura,
1223 932 1291 973 vel
1314 932 1481 983 hortos,

355 998 561 1040 Proxima
582 998 650 1040 vel
674 999 840 1041 laribus
862 998 1043 1053 iungere
1068 1006 1187 1042 tecta
1210 1000 1334 1042 meis.

293 1066 423 1109 Talia
446 1066 648 1122 quisquis
671 1068 792 1118 emit,
818 1068 942 1110 litem
971 1069 1053 1110 sibi
1081 1069 1228 1120 cudit;
1263 1069 1306 1111 in
1330 1071 1406 1113 illa

354 1138 431 1178 Ius
454 1137 758 1180 clandestinus
781 1138 966 1180 forsitan
990 1146 1164 1193 emptor
1185 1140 1335 1182 habet.

297 1206 391 1248 Nec
414 1205 523 1247 mihi
545 1205 717 1248 vicinae
741 1214 956 1262 cogentur
977 1207 1020 1248 in
1044 1208 1201 1250 horrea
1224 1223 1408 1260 messes,

354 1275 484 1316 Mens
506 1275 657 1330 populi
680 1276 799 1318 diras
822 1276 1045 1331 relligiosa
1068 1277 1195 1332 fugit.

297 1345 391 1386 Nec
412 1345 655 1399 vectigales
677 1347 859 1388 reddam
884 1345 993 1387 mihi
1015 1346 1213 1388 fluminis
1236 1349 1392 1398 undaS,

355 1413 440 1456 Odi
463 1428 544 1468 ego
566 1414 744 1469 vipereo
766 1414 984 1469 sanguine
1007 1415 1133 1470 peius
1156 1431 1311 1470 aquas,
1872 1431 1927 1474 70

299 1484 424 1526 Merx
446 1484 555 1525 mihi
580 1484 787 1526 Bacchus
810 1485 906 1535 erit,
931 1499 1051 1526 merx
1076 1485 1186 1527 haec
1209 1485 1318 1527 mihi
1341 1487 1434 1529 sola
1457 1488 1682 1542 probatur,

356 1554 613 1595 Dummodo
636 1553 692 1595 sit
715 1553 932 1609 fragrans,
957 1568 1080 1608 pura,
1106 1554 1269 1609 picata,
1293 1562 1435 1598 vetus.

299 1623 400 1664 Non
423 1629 575 1664 tamen
599 1629 805 1664 externas
828 1637 950 1664 merx
972 1623 1082 1665 haec
1106 1623 1310 1666 mittetur
1331 1624 1375 1666 in
1398 1639 1513 1676 oraS,

356 1690 459 1734 Sive
484 1697 601 1741 tuas,
627 1691 821 1742 Cimber,
845 1691 938 1733 sive
966 1693 1153 1743 Batave,
1177 1699 1294 1735 tuas.

300 1762 466 1811 Nauta,
490 1752 613 1811 ratis,
638 1761 839 1816 pelagus,
863 1760 991 1816 parili
1014 1761 1122 1803 mihi
1147 1761 1240 1804 iure
1261 1762 1490 1814 timentur,

358 1831 460 1886 Ipse
483 1829 592 1872 mihi
614 1830 790 1885 puppiS,
815 1830 981 1880 navita,
1005 1845 1167 1885 gurges
1190 1845 1278 1874 ero.

301 1900 527 1943 Mercibus
548 1900 643 1955 ipse
665 1900 776 1942 meis
798 1901 932 1951 fruar,
957 1907 999 1942 et
1022 1902 1128 1943 dum
1153 1901 1314 1944 sufficit
1337 1917 1511 1954 aurum,

359 1970 537 2012 Bacche
558 1976 636 2012 tuo
660 1983 835 2025 semper
856 1984 952 2012 rore
975 1970 1130 2012 levabo
1153 1970 1290 2013 sitim.

302 2039 487 2081 Perdius
509 2045 551 2081 et
575 2053 740 2094 pernox
762 2053 893 2081 curas
915 2039 958 2080 in
982 2039 1142 2094 pocula
1165 2054 1380 2095 mergam,

359 2109 518 2164 Pinget
541 2115 584 2150 et
607 2115 810 2150 extantes
832 2123 918 2150 uva
940 2108 1109 2150 falerna
1131 2123 1283 2164 genas.
1875 2111 1930 2152 80

301 2180 434 2221 Nunc
456 2178 566 2233 pede
589 2177 776 2232 pulsabo
797 2183 977 2228 terram,
1002 2191 1120 2220 nunc
1144 2178 1289 2220 sidera
1311 2193 1432 2229 voce,

360 2249 491 2289 Nunc
514 2252 700 2289 stertam
722 2253 818 2289 toto
840 2260 1021 2301 corpore
1042 2247 1168 2288 fusus
1190 2247 1331 2289 humi.

303 2318 458 2359 Ludus
480 2316 575 2366 erit,
597 2330 710 2371 quae
733 2315 849 2370 cepit
874 2316 988 2366 Iber,
1013 2315 1189 2371 signare
1213 2317 1364 2372 Lyaeo

361 2385 554 2436 Moenia,
578 2385 647 2427 vel
669 2385 768 2427 fuso
790 2384 971 2440 pingere
993 2392 1140 2427 castra
1163 2400 1294 2427 mero.

303 2457 363 2498 Et
386 2468 557 2498 memor
579 2453 709 2496 officii
733 2468 908 2508 semper
929 2468 1006 2509 pro
1031 2454 1168 2508 Regis
1191 2461 1233 2496 et
1260 2455 1396 2504 urbis,

361 2525 534 2578 Proque
557 2522 750 2565 sodalitii
774 2537 907 2577 saepe
930 2523 1074 2565 salute
1096 2523 1261 2565 bibam.

304 2593 378 2636 Sic
400 2607 481 2648 ego
503 2594 608 2635 dum
631 2592 795 2642 vivam,
819 2592 1023 2634 fortunae
1045 2591 1223 2634 dotibus
1246 2598 1360 2642 utar,

357 2662 397 2704 T
401 2661 574 2716 orqueri
596 2661 754 2704 loculis
776 2661 960 2716 pignora
982 2660 1084 2703 nolo
1107 2661 1232 2704 meis.

303 2733 417 2775 Sunt
441 2732 571 2782 bona,
595 2730 631 2772 si
654 2731 814 2781 nescis,
838 2730 1119 2772 irritamenta
1142 2731 1377 2781 malorum,

362 2801 421 2842 Et
444 2799 689 2855 possessori
713 2813 846 2855 saepe
869 2800 1059 2841 molesta
1086 2813 1181 2841 suo.
1878 2811 1933 2852 90

520 2950 572 2980 68.
599 2949 726 2989 Diras.]
772 2950 837 2980 See
854 2948 887 2980 in
907 2949 973 2981 No.
994 2948 1130 2985 XXIV„
1149 2948 1170 2978 l.
1191 2957 1261 2987 145,
1279 2947 1405 2979 similar
1425 2947 1535 2979 Dirae.
