2594 3749
705 320 969 352 BOHEMIAN
1005 321 1272 354 STRUGGLE.
1842 326 1891 367 71

323 438 408 494 Qui
431 437 564 480 toties
586 452 638 480 ex
660 443 704 480 te
726 443 854 492 rapta
876 443 1060 492 tropaea
1086 437 1203 480 tulit.

264 508 343 548 Ast
367 521 448 561 ego
470 506 573 561 quid
597 513 742 549 sector
762 505 987 549 rationum
1011 508 1238 561 pondera?
1272 507 1439 549 bellum

321 575 391 618 Tu
413 575 530 618 ferus
553 582 596 617 et
620 574 722 618 belli
745 575 934 617 fulmina
957 574 1051 617 sola
1075 590 1245 630 crepas.

263 644 468 694 Advolat,
492 643 653 698 inquis,
678 658 807 699 opem
831 643 1004 686 laturus
1028 643 1170 694 Celta‚
1197 644 1458 695 Britannus,

322 713 477 768 Belga,
502 712 708 762 Latinus,
735 713 850 762 Iber,
876 713 1098 763 Sarmata,
1124 712 1282 760 Teuto.
1306 714 1458 755 Getes.

268 781 446 824 Scilicet
470 788 535 824 est
558 781 674 824 tanti
698 781 957 823 Saravicto:
990 781 1189 836 pascitur
1210 781 1394 832 umbris,

321 852 380 892 Et
403 850 597 892 iucunda
620 849 689 892 sui
712 849 886 892 somnia
909 849 1036 904 fingit
1061 864 1200 892 amor.
1814 865 1892 904 190

263 921 353 963 Cur
374 918 470 969 tibi,
494 933 572 974 per
594 919 802 973 SuperOS‚
828 933 873 960 se
896 918 1052 973 iungat
1076 919 1221 969 Celta‚
1246 918 1419 973 negasti

321 988 404 1031 Cui
426 987 573 1038 toties,
597 987 712 1030 bello
735 1002 835 1029 cum
860 994 1146 1042 premeretur,
1170 989 1333 1043 opem?

264 1059 354 1101 Cur
375 1056 605 1099 Tamesim
629 1057 894 1110 exspectas?
930 1056 1220 1099 Saravictone
1242 1071 1408 1098 numen
1435 1057 1600 1105 Elisae,

322 1126 585 1168 Vulturibus
607 1126 736 1168 debet
760 1125 903 1168 carior
924 1140 1021 1167 esse
1045 1127 1153 1168 Leo.

264 1196 404 1249 Belga
426 1194 545 1237 domi
569 1195 685 1248 quod
708 1200 828 1248 agat,
854 1195 1014 1236 crudas
1037 1209 1123 1248 quo
1145 1201 1362 1249 temperet
1387 1194 1490 1244 iras,

322 1263 523 1305 Inveniet
545 1263 694 1305 forsan
718 1262 868 1317 cuspis
893 1263 1022 1305 Ibera
1044 1263 1164 1305 foris.

264 1334 301 1374 E
326 1332 460 1374 Latio
482 1331 632 1373 fatuas
655 1331 818 1381 mittet,
842 1346 920 1385 pro
944 1331 1099 1381 milite,
1124 1332 1270 1374 bullas

322 1403 482 1450 Roma,
507 1400 755 1442 cucullatos
778 1399 997 1442 Teutonis
1019 1415 1095 1442 ora
1118 1415 1288 1455 greges,

264 1472 423 1514 Cetera
446 1469 670 1512 barbaries
692 1483 801 1523 gens
824 1475 891 1511 est
915 1483 1051 1519 mera,
1076 1470 1220 1519 bruta,
1245 1469 1437 1519 rebellis,

322 1540 486 1588 Pauca,
509 1539 657 1592 fugax,
681 1552 849 1587 vecors,
873 1537 987 1588 vilis,
1013 1538 1210 1589 inermis,
1234 1538 1378 1593 inops.
1813 1549 1895 1578 200

265 1608 350 1649 His
373 1622 454 1662 ego
477 1621 557 1649 nec
581 1607 728 1649 larvas
751 1607 998 1657 hominum,
1023 1621 1104 1649 nec
1127 1613 1317 1662 spectra,
1342 1622 1423 1649 nec
1448 1608 1630 1648 umbras

322 1679 575 1731 Opponam,
600 1691 775 1718 mecum
800 1683 866 1718 est
889 1691 959 1719 res
981 1676 1074 1726 tibi,
1100 1690 1291 1731 cumque
1313 1676 1433 1719 viris.

265 1748 347 1788 Est
371 1746 480 1788 ditio
503 1744 612 1787 mihi
636 1760 772 1800 parva
796 1745 989 1799 quidem,
1015 1746 1091 1787 sed
1117 1745 1282 1788 Martia
1304 1747 1472 1800 pubes3

321 1817 534 1871 Quaeque
556 1822 658 1857 tuos
681 1829 814 1857 caeco
836 1815 918 1857 sub
941 1816 1052 1857 duce
1074 1814 1202 1870 fregit
1226 1830 1348 1857 avos.

0 1857 5 1952 l
264 1885 344 1927 Ille
367 1899 448 1927 sua
471 1883 679 1934 moriens,
704 1883 786 1925 hos
812 1891 959 1926 certus
984 1898 1112 1926 versa
1139 1886 1322 1926 daturos

320 1954 466 2008 Terga
488 1953 634 2008 fugae,
658 1952 787 1995 iussit
810 1959 1027 2008 tympana
1050 1953 1164 2008 pelle
1186 1952 1292 2007 tegi.

262 2024 388 2079 Quae
410 2022 512 2064 tulit
534 2022 668 2072 hunc,
694 2028 895 2076 superest
918 2021 1066 2072 tellus,
1092 2029 1134 2064 et
1161 2021 1364 2064 mascula
1393 2021 1548 2071 virtus,

322 2093 452 2133 Nunc
476 2105 651 2145 quoque
672 2090 912 2133 fulmineas
934 2090 1158 2145 experiere
1180 2105 1357 2133 manus.

261 2160 348 2202 Tot
371 2160 558 2215 populos
581 2158 685 2214 quid
708 2173 838 2214 posse
862 2166 1008 2214 putas,
1032 2166 1098 2201 tot
1121 2166 1312 2214 sceptra,
1336 2166 1402 2201 tot
1427 2160 1558 2201 urbes

322 2229 516 2283 Imperii,
541 2243 677 2283 regno
699 2228 873 2270 foedere
896 2228 1048 2271 iuncta
1072 2230 1204 2271 meo?
1813 2238 1894 2267 210

264 2300 358 2340 Nec
386 2299 632 2349 Cimbrum,
657 2313 737 2340 nec
760 2305 808 2340 tu
831 2298 1026 2341 vicinum
1049 2298 1265 2353 spreveris
1291 2300 1528 2348 Hunnum,

320 2367 403 2410 Cui
428 2367 611 2409 Latium
635 2366 767 2409 simul
791 2373 834 2409 et
859 2366 1008 2409 Gallia
1034 2368 1199 2422 praeda
1221 2367 1316 2409 fuit.

262 2437 397 2478 Arma
419 2443 579 2491 parant
602 2450 772 2486 omnes,
798 2435 903 2489 quin
927 2442 970 2478 et
995 2437 1087 2478 Leo
1110 2435 1278 2489 colligit
1303 2435 1406 2486 iras,

321 2506 380 2546 Et
402 2519 617 2559 generosa
641 2519 748 2546 suus
771 2511 951 2558 pectora
972 2504 1115 2546 fervor
1136 2504 1286 2546 habet.

264 2574 343 2616 Ille
367 2589 510 2624 suam,
535 2588 800 2629 quocunque
821 2573 938 2616 feras
958 2573 1161 2627 vestigia,
1186 2574 1354 2628 prolem

203 2719 276 2751 204.
302 2711 415 2742 Caeco
431 2709 494 2741 sub
509 2709 622 2749 duce.]
676 2709 761 2740 This
784 2719 848 2741 can
870 2709 952 2750 only
975 2719 1074 2740 mean
1095 2709 1152 2740 the
1171 2708 1361 2741 Bohemian
1378 2707 1546 2749 one-eyed
1563 2707 1663 2743 chief,
1683 2707 1796 2741 Ziska‚
1814 2705 1892 2736 who

90 2764 147 2796 left
164 2764 217 2796 his
233 2764 308 2796 skin
325 2771 360 2796 to
375 2764 417 2796 be
433 2763 555 2796 turned
571 2764 643 2796 into
661 2774 681 2796 a
696 2763 793 2795 drum
810 2764 945 2806 against
961 2764 1015 2796 his
1027 2764 1114 2796 foes.

204 2819 243 2850 In
267 2818 432 2857 Alcimus,
455 2819 513 2849 the
538 2818 717 2850 Embl'ema
745 2818 846 2860 (170),
871 2819 911 2850 of
932 2828 999 2850 one
1022 2817 1222 2850 formidable
1244 2817 1344 2849 when
1368 2815 1465 2853 dead,
1489 2816 1574 2848 ends
1596 2816 1678 2847 with
1703 2814 1760 2846 the
1784 2814 1893 2845 lines:

89 2877 108 2890 ‘⁴
123 2873 178 2905 Sic
193 2879 271 2905 cute
287 2873 441 2905 detracta
457 2873 588 2913 Ziskas,
610 2873 643 2904 in
660 2879 826 2915 tympana
840 2883 968 2910 versus,
988 2874 1136 2905 Boemos
1153 2872 1262 2914 potuit
1279 2872 1414 2903 vincere
1433 2870 1617 2902 Pontifices
1630 2869 1662 2901 '’.

205 2935 276 2973 ²13·
303 2926 401 2966 Leo.]
456 2925 624 2967 Probably
641 2925 769 2973 spoken
787 2935 825 2957 as
842 2935 862 2959 a
880 2925 1087 2959 Sectchman
1105 2924 1219 2956 would
1237 2936 1244 2964 3
1268 2924 1325 2955 the
1343 2927 1363 2941 “
1378 2924 1465 2955 Lion
1485 2924 1655 2969 Rampant
1671 2921 1702 2957 ⁷⁷.
