2594 3749
738 347 914 379 SATIRE
946 346 1013 378 ΟΝ
1050 343 1312 376 EGLISHEM.
1875 341 1926 384 23

358 468 456 508 Lux
480 465 553 507 ubi
580 465 702 506 nulla
728 463 877 512 micat,
901 477 985 503 vox
1008 461 1081 503 ubi
1105 461 1228 502 nulla
1251 468 1396 501 sonat.

301 537 402 589 Ipse
428 536 551 575 Deus
573 532 745 588 superis
771 531 929 573 Furias
952 529 1138 572 secrevit
1162 530 1217 570 ab
1240 527 1342 577 oris,

357 605 593 656 Mersaque
616 603 698 644 sub
723 609 864 643 terras
887 608 1006 642 tecta
1030 599 1256 651 laremque
1280 595 1415 638 dedit.

301 672 491 727 Expedit
515 679 558 713 et
581 670 710 713 tortis
733 671 943 712 humeros
965 676 1008 710 et
1032 675 1157 721 terga
1180 664 1382 719 flagellis,

358 742 417 782 Et
441 741 595 789 latera,
620 747 663 781 et
686 738 889 793 geminas
912 752 1044 791 saepe
1070 749 1219 777 secare
1243 741 1384 775 nates.

299 811 426 865 Quod
449 817 582 863 caput
607 809 802 857 infestat,
827 807 947 848 virus
971 806 1094 847 dolor
1116 818 1247 845 omne
1271 801 1456 850 revellit,

358 877 549 931 Corrigit
573 884 615 919 et
640 891 798 926 mores,
823 884 866 918 et
889 876 981 917 fera
1003 875 1136 916 corda
1159 874 1326 914 domat.
1854 867 1933 908 160

301 946 388 989 Hic
410 946 515 988 facit
539 954 586 988 ut
611 960 769 988 saevae
793 945 1031 986 mitescant
1055 941 1228 996 tigridis
1251 940 1356 989 irae,

360 1017 419 1058 Et
444 1031 524 1057 sua
547 1014 737 1057 crudelis
760 1013 947 1055 fulmina
971 1019 1107 1067 ponat
1132 1024 1250 1064 aper.

302 1086 583 1126 Protractum
608 1099 630 1126 e
653 1082 848 1126 tenebris
873 1082 1095 1124 interdurn
1121 1093 1270 1133 merge
1294 1076 1528 1132 profundo,

361 1155 423 1196 Ut
447 1154 563 1195 lavet
587 1152 795 1194 insanum
819 1151 998 1206 saepius
1022 1150 1140 1191 unda
1162 1154 1312 1202 caput.

303 1225 605 1277 Conspectum
629 1235 880 1275 nomenque
903 1220 1051 1261 horret
1075 1215 1378 1273 lymphaticus
1402 1214 1560 1261 undae,

362 1291 449 1333 Hic
471 1298 623 1332 tamen
647 1290 765 1332 illius
789 1304 920 1343 saepe
947 1289 1120 1330 levatur
1144 1300 1241 1340 ope.

302 1362 438 1402 Ferro
461 1360 594 1401 etiam
621 1358 868 1401 cohibenda
891 1359 1008 1406 l'ues;
1042 1355 1235 1397 incidere
1257 1367 1395 1394 venas

361 1430 429 1470 Ne
452 1428 620 1478 dubita,
646 1443 726 1470 nec
749 1435 791 1469 te
816 1427 940 1481 pigra
964 1432 1160 1467 moretur
1182 1422 1340 1464 hiems.

304 1499 404 1540 Hac
426 1513 523 1552 ope,
548 1512 634 1551 quo
656 1504 850 1551 turgent,
876 1494 1088 1537 membris
1110 1492 1327 1547 expellere
1350 1489 1485 1537 virus,

359 1568 447 1608 Aut
471 1566 616 1608 oneris
639 1567 798 1608 saltem
823 1572 949 1620 parte
972 1565 1117 1605 levare
1139 1569 1281 1616 potes.
1857 1565 1937 1607 170

303 1636 499 1677 Vulnere
521 1634 768 1689 tergemino
791 1633 969 1676 cubitus
992 1632 1208 1674 tundatur
1231 1636 1431 1682 uterque,

363 1706 425 1747 Ut
448 1704 557 1746 fluat
581 1719 632 1745 ex
655 1703 776 1745 omni
799 1703 967 1745 viscere
989 1708 1105 1743 tetra
1134 1700 1243 1741 lues.

304 1775 405 1822 Sed,
430 1773 535 1827 quia
557 1788 735 1815 summa
756 1779 912 1827 petens
938 1769 1101 1812 mentis
1131 1769 1250 1810 furor
1272 1771 1461 1820 occupat
1486 1777 1649 1812 arcem,

363 1844 474 1884 Prae
498 1842 678 1896 reliquis
704 1842 867 1884 ferrum
893 1839 1090 1895 postulat
1114 1838 1197 1880 iste
1220 1837 1358 1878 locus

306 1913 429 1967 Quae
452 1911 642 1953 frontem
666 1911 832 1953 dirimit
857 1909 1065 1957 mediam,
1090 1907 1170 1949 tibi
1194 1920 1306 1948 vena
1329 1903 1522 1946 secanda
1544 1907 1626 1950 est,

363 1982 423 2022 Et
447 1996 560 2035 quae
583 1995 696 2036 pone
719 1981 864 2022 latens
887 1978 1070 2021 nomina
1091 1975 1254 2032 puppis
1277 1975 1427 2016 habet.

306 2051 518 2105 Quaeque
541 2049 680 2092 oculis
703 2049 835 2091 simul
859 2048 1087 2103 exspirant
1110 2052 1152 2088 et
1176 2043 1358 2086 naribus
1381 2041 1520 2097 ignes,

364 2120 422 2160 Et
446 2134 555 2161 cava
578 2133 691 2173 quae
713 2118 879 2160 circum
903 2125 1105 2171 tempora
1128 2114 1336 2168 utrinque
1360 2111 1542 2152 micant.

307 2189 433 2229 Haec
456 2203 645 2242 quoque,
671 2203 782 2241 quae
805 2187 1003 2241 linguam
1028 2199 1160 2227 succo
1182 2180 1376 2236 loliginis
1399 2186 1522 2222 atrae

365 2256 546 2305 Imbuit‚
571 2256 784 2298 auxilium
809 2271 896 2297 non
920 2256 1014 2297 leve
1037 2261 1158 2296 secta
1181 2251 1318 2294 dabit.
1859 2242 1940 2283 180

306 2325 352 2367 Si
376 2325 479 2379 quid
503 2326 647 2368 adhuc
671 2326 860 2367 mixtum
887 2333 1062 2366 terrena
1086 2323 1208 2364 faece
1234 2318 1442 2375 supersit,

366 2396 464 2436 Hoc
488 2395 639 2448 procul
663 2410 688 2437 a
710 2396 889 2437 cerebro
912 2394 1033 2435 virus
1056 2393 1110 2434 ad
1134 2391 1224 2432 ima
1246 2389 1389 2431 trahe.

309 2465 432 2518 Quae
455 2464 562 2505 latet
586 2464 630 2504 in
653 2463 830 2518 gemino
853 2464 1068 2505 tundatur
1089 2460 1256 2515 poplite
1278 2472 1406 2507 vena,

367 2534 578 2588 Quaeque
601 2535 735 2588 pedes
758 2532 871 2574 imos
895 2531 1214 2584 malleolosque
1238 2528 1369 2582 rigat.

309 2598 420 2642 Prae
444 2602 624 2656 reliquis
647 2601 816 2656 aperire
840 2601 976 2650 iuvat,
1002 2614 1114 2654 quae
1137 2604 1296 2652 sponte
1318 2600 1545 2638 tumentes

365 2670 499 2713 Virus
522 2673 577 2713 ab
600 2679 798 2715 extremo
821 2671 974 2726 podice
1004 2684 1135 2724 saepe
1160 2672 1361 2710 vomunt.

252 2855 322 2894 176.
352 2854 478 2896 Puppis
501 2855 630 2895 habet.]
676 2855 761 2886 This
787 2865 886 2886 name
913 2854 963 2885 for
989 2863 1008 2885 a
1035 2852 1111 2884 vein
1139 2861 1251 2883 seems
1280 2859 1324 2880 no
1350 2847 1468 2888 longer
1494 2852 1529 2877 to
1553 2844 1594 2876 be
1619 2853 1639 2875 a
1661 2839 1830 2874 technical
1854 2846 1940 2870 term

135 2915 268 2939 current
285 2908 318 2939 in
335 2909 475 2941 modern
498 2917 671 2951 anatomy.

254 2966 323 2996 180.
353 2965 449 2996 Haec
467 2977 600 3007 quoque
626 2989 633 2996 .
659 2989 666 2996 .
693 2989 699 2996 .
725 2964 846 3006 secta]
890 2963 956 3000 i.c.‚
974 2963 1057 2995 haec
1075 2971 1172 2998 vena,
1189 2960 1289 2991 when
1306 2957 1426 2990 lanced
1443 2956 1576 2997 (secta).

9 3507 15 3749 Ι
