2594 3749
464 350 1055 382 FRENDRAUGHT-—DIRGE
1088 350 1149 382 OF
1182 352 1283 382 THE
1315 353 1423 384 TWO
1457 354 1668 386 VICTIMS.
1886 356 1965 398 303

345 468 413 509 De
435 466 517 510 sibi
539 466 686 510 vicina
708 473 974 521 pepererunt
996 474 1128 521 gente
1151 467 1418 522 triumphos.

345 537 462 587 Heu,
487 550 605 578 nunc
627 538 734 578 orba
755 535 875 586 viris,
899 543 941 577 et
965 536 1201 590 plusquam
1226 538 1416 591 degener
1437 545 1577 588 aetas,

343 605 455 647 Rem
479 605 591 659 gerit
613 603 800 654 insidiis,
827 604 987 645 Martis
1009 618 1086 658 pro
1110 604 1291 659 cuspide
1315 605 1407 647 sica
1429 613 1510 656 est,

341 673 510 716 Toxica
531 688 610 728 pro
632 673 746 722 telis,
768 679 811 715 et
835 672 1140 715 clandestinus
1163 673 1326 727 ubique

344 744 428 785 Pro
450 743 624 793 iaculis,
650 743 852 793 Bellona,
875 741 980 792 tuis,
1005 742 1106 793 heu,
1131 743 1358 797 spargitur
1380 742 1521 798 ignis3

342 814 581 854 Auctorem
606 826 688 854 nec
710 811 823 854 scire
845 812 1004 860 datur3
1039 811 1249 853 secretior
1271 811 1342 853 ille
1366 818 1448 862 est,

341 882 489 937 Quam
513 880 658 936 pelagi
680 880 827 923 fontes
849 886 927 922 aut
951 879 1224 922 incunabula
1248 879 1354 921 Nili.

401 951 539 992 Sacra
561 949 734 998 cohors,
759 948 829 991 cui
853 949 949 991 iura
971 947 1160 990 Themis
1182 948 1391 1003 legesque
1415 963 1649 1003 supremas

343 1018 557 1069 Credidit,
581 1025 624 1060 et
647 1018 866 1061 scelerum
891 1017 1079 1060 comites
1103 1018 1386 1060 Rhamnusia
1409 1032 1601 1072 poenas3

342 1090 492 1131 Ardua
515 1088 552 1130 si
575 1087 786 1131 iuvenum
809 1087 966 1138 virtus,
991 1095 1033 1130 et
1057 1087 1240 1142 sanguis
1263 1087 1307 1128 in
1331 1102 1418 1129 uno
1920 1101 1974 1142 90

344 1158 526 1213 Regius,
551 1159 759 1200 orborum
781 1157 850 1199 vel
875 1163 1163 1212 praematura
1187 1163 1423 1210 parentum

343 1226 559 1277 Canities,
582 1226 831 1281 viduusque
855 1232 980 1268 torus
1003 1225 1271 1268 miserabilis
1297 1227 1469 1281 Hayae,

345 1295 390 1338 Si
414 1296 537 1347 iuris,
562 1296 597 1338 si
620 1296 769 1351 gentis
792 1297 949 1347 honos,
974 1296 1042 1338 vel
1066 1295 1206 1350 gloria
1230 1296 1380 1346 saecli,

343 1365 408 1409 Te
432 1372 594 1417 movet,
619 1366 732 1408 irato
755 1366 901 1420 pietas
922 1365 992 1407 vel
1016 1364 1165 1407 debita
1188 1365 1327 1415 caelo,

346 1436 417 1477 Da
438 1434 578 1477 trucis
599 1435 818 1477 artificem
842 1435 1036 1477 sceleris.
1100 1435 1229 1489 Quod
1256 1434 1482 1489 poscimus
1505 1448 1698 1489 aequum
1721 1441 1804 1477 est.

346 1504 514 1547 Iudicis
536 1505 731 1548 officium
755 1513 822 1548 est
847 1520 1008 1548 causas
1031 1505 1200 1560 aperire
1222 1505 1429 1556 latentes,

344 1575 445 1630 Qua
467 1574 585 1625 licet,
611 1582 653 1617 et
678 1575 897 1617 scelerum
921 1574 1088 1630 primos
1111 1573 1338 1629 exquirere
1361 1574 1520 1625 fontes,

346 1645 405 1686 Et
429 1645 561 1686 modo
585 1644 828 1695 blanditiis,
850 1645 973 1687 duris
996 1646 1127 1687 modo
1149 1644 1331 1686 vocibus
1355 1644 1434 1695 uti,

344 1712 509 1756 Omnia
530 1715 763 1764 tentando,
787 1714 857 1755 lex
880 1728 993 1768 quae
1016 1712 1234 1768 permittit
1258 1720 1300 1754 et
1323 1728 1494 1767 aequus

345 1782 570 1838 Iuppiter:
605 1782 751 1838 exigui
775 1783 886 1825 levis
909 1790 974 1825 est
999 1783 1170 1825 iactura
1193 1782 1371 1825 laboris.
1898 1795 1978 1824 100

346 1852 568 1895 Omnibus
594 1852 795 1895 excussis
817 1853 874 1903 vi,
900 1852 1045 1903 iudex,
1070 1852 1181 1894 scire
1205 1853 1322 1907 quod
1346 1859 1490 1907 optas,

346 1922 625 1976 Extorquere
647 1928 800 1977 potes;
834 1929 1011 1977 praesto
1035 1928 1101 1963 θεῖ
1125 1921 1198 1976 qui
1221 1921 1397 1963 vellicet
1422 1928 1546 1964 artus

346 1990 528 2041 Simius,
553 1998 595 2033 et
619 1990 811 2033 stridens
833 2005 922 2033 non
945 2005 1033 2033 uno
1062 1991 1216 2034 culeus
1243 2005 1403 2045 angue.

347 2059 431 2101 Est
453 2058 533 2102 tibi
556 2059 756 2102 traiectis
783 2066 959 2102 armata
985 2059 1157 2102 ciconia
1184 2059 1345 2110 nervis,

347 2129 431 2170 Est
454 2135 565 2179 rota,
591 2135 695 2171 sunt
718 2129 872 2180 fustes,
898 2135 940 2171 et
964 2129 1115 2183 iniquo
1138 2130 1330 2183 pondere
1353 2135 1567 2183 torquens

345 2199 521 2240 Ancora
544 2198 753 2249 cervices,
777 2205 820 2240 et
844 2213 958 2253 quae
981 2204 1153 2253 premat
1177 2212 1307 2240 ocrea
1330 2212 1474 2240 suras.

349 2269 516 2322 thue,
540 2269 657 2322 quod
681 2268 877 2319 admisit,
902 2268 1046 2311 dirum
1071 2268 1217 2310 scelus
1240 2267 1399 2322 expiet,
1425 2268 1541 2310 ultor

348 2338 481 2380 Nunc
504 2337 699 2388 sceleris,
722 2338 917 2380 famulos
943 2336 1170 2392 praebebit
1196 2337 1415 2379 Mulciber
1436 2336 1576 2392 ignes.

348 2406 615 2462 Scotigenae
638 2421 693 2449 ne
715 2407 863 2463 gentis
889 2407 1046 2457 honos,
1072 2405 1303 2460 sanctique
1328 2407 1522 2449 Senatus

349 2475 504 2518 Gloria
525 2476 740 2527 foedetur,
766 2476 921 2532 poenis
948 2475 1181 2518 ultricibus
1203 2474 1347 2517 insta:
1902 2486 1981 2515 110

349 2545 457 2595 Ure,
482 2559 599 2596 seca,
623 2545 835 2600 nulloque
857 2543 1000 2588 virum
1024 2543 1280 2587 discrimine
1303 2543 1438 2594 saevi,

350 2615 470 2656 Dum
495 2621 720 2657 tormenta
743 2615 837 2666 tibi,
863 2621 1066 2670 superest
1089 2615 1193 2656 dum
1219 2613 1397 2656 Scotica
1419 2613 1578 2656 cervix.

54 2750 57 2777 Ι
288 2752 340 2783 80.
367 2751 574 2793 Hayorurn.]
619 2752 851 2794 Compliment
876 2759 912 2786 to
939 2752 997 2784 the
1025 2759 1202 2785 ancestors
1229 2752 1269 2784 of
1292 2750 1422 2793 Sophia
1454 2751 1534 2792 Hay
1562 2749 1673 2792 (Lady
1700 2748 1879 2791 Melgum),
1903 2748 1982 2780 who

55 2780 59 2852 ι
173 2805 313 2838 became
330 2815 350 2838 a
366 2805 488 2838 widow
504 2806 548 2848 by
564 2806 622 2838 the
639 2806 793 2848 tragedy.
