2594 3749
218 2770 248 2793 2.
275 2761 376 2803 Quod
392 2762 503 2802 petit]
547 2761 613 2800 zze„
632 2762 705 2794 iter.
753 2762 827 2794 The
843 2762 926 2794 road
943 2769 990 2802 to,
1010 2773 1048 2794 or
1065 2763 1354 2795 communication
1372 2763 1465 2804 with,
1487 2763 1629 2796 Britain.

216 2825 234 2854 3

215 2880 246 2907 9.

198 2933 248 2964 25.

649 316 743 348 CRY
774 316 836 348 OF
867 317 970 348 THE
1002 317 1330 350 PALATINATE.

406 790 540 831 VIII.
587 790 856 833 NICRINA
892 791 977 832 AD
1017 790 1274 833 HEROAS
1308 790 1577 833 ANGLOS.

264 917 428 967 Ducat,
452 930 509 958 an
533 916 713 959 abiiciat
740 916 964 959 calamum
993 916 1212 959 Nicrina?
1247 916 1491 959 Britannos

319 986 448 1040 Quod
471 985 595 1040 petit,
620 985 832 1027 infestum
855 985 1044 1028 reddidit
1067 986 1210 1027 hostis
1232 985 1330 1028 iter.

263 1055 465 1108 Occupat
489 1054 673 1109 imperio
695 1061 837 1096 terras
859 1054 948 1097 iam
973 1055 1142 1098 Caesar
1164 1062 1206 1097 et
1230 1056 1388 1106 undas,

319 1124 413 1165 Nec
437 1130 639 1178 superest
661 1123 777 1165 votis
799 1130 975 1178 praeter
998 1125 1139 1166 Inane
1162 1124 1288 1166 meis.

261 1192 432 1233 Forsan
456 1199 498 1234 et
521 1191 608 1242 hic,
632 1192 799 1234 domini
823 1193 928 1234 dum
952 1193 1119 1247 passim
1143 1200 1291 1235 castra
1315 1198 1577 1247 sequuntur,

318 1262 568 1303 Caesareae
591 1261 720 1304 nobis
743 1261 1012 1304 insidiantur
1033 1276 1153 1304 aves.

261 1330 366 1371 Sors
387 1331 604 1372 tentanda
626 1337 794 1381 tamen,
818 1330 928 1373 levis
950 1338 1017 1373 est
1040 1330 1212 1373 iactura
1235 1330 1405 1386 papyri,

317 1399 536 1454 Quodque
558 1414 717 1454 parum
741 1414 905 1454 speres,
929 1400 1019 1441 fors
1042 1400 1224 1454 patefiet
1247 1399 1343 1442 iter.

260 1467 446 1522 Scripsit
472 1469 830 1523 Hypermnestra
853 1469 998 1510 medio
1021 1470 1074 1510 de
1097 1483 1288 1519 carcere,
1311 1468 1432 1511 venit

317 1536 492 1591 Scripta
515 1552 593 1591 per
613 1539 846 1580 obstantes
867 1537 1016 1580 littera
1039 1538 1159 1580 mille
1185 1553 1323 1580 seras.

261 1605 330 1647 Illi
354 1620 514 1648 caecus
537 1621 676 1657 amor,
700 1607 818 1649 vitae
841 1607 949 1649 mihi
972 1621 1078 1649 cura
1100 1609 1294 1650 tuendae

317 1675 520 1717 Inveniet
542 1675 696 1718 faciles
718 1675 763 1717 in
787 1690 887 1718 mea
908 1682 1013 1718 vota
1034 1676 1146 1718 vias.

260 1743 470 1797 Undique
493 1743 785 1787 circumstant
808 1745 1016 1787 miseram
1047 1744 1320 1795 discrimina,
1343 1746 1547 1787 dextrum

316 1812 464 1867 Scylla
485 1812 619 1863 latus,
643 1813 819 1856 laevum
842 1820 971 1856 vasta
995 1815 1246 1869 Charybdis
1268 1814 1419 1857 habet.

258 1880 460 1936 Qualiter
483 1882 683 1924 Hesione
706 1882 872 1924 crimen
896 1882 1059 1924 luitura
1087 1883 1300 1937 parentis,

316 1951 430 1993 Cum
453 1951 564 1993 foret
587 1966 807 2005 aequoreo
828 1951 1011 1994 victima
1037 1959 1170 2007 pacta
1192 1952 1340 2007 gregi;

257 2020 461 2076 Qualiter
482 2027 524 2062 et
548 2021 761 2063 monstris
783 2021 907 2076 virgo
929 2023 1090 2064 devota
1113 2022 1298 2064 marinis

313 2091 609 2140 Andromede,
638 2097 760 2132 cotes
783 2097 826 2132 et
849 2091 986 2133 maris
1008 2091 1124 2133 inter
1145 2106 1313 2145 aquas:

257 2158 428 2200 Taliter
450 2166 673 2201 extremae
696 2160 888 2214 trepidat
914 2160 1099 2203 Nicrina
1122 2160 1276 2202 ruinae

316 2228 549 2270 Proxima:
584 2243 664 2270 nec
688 2244 790 2283 spes
814 2236 895 2279 est,
920 2230 1029 2283 proh
1053 2229 1190 2279 dolor,
1215 2229 1304 2271 ulla
1327 2230 1474 2284 fugae.

258 2297 459 2350 Sponsus
482 2298 624 2347 abest,
650 2297 723 2352 qui
747 2312 817 2339 me
841 2312 1017 2352 semper
1037 2298 1293 2340 victricibus
1317 2298 1452 2340 armis

315 2366 547 2420 Protegat:
582 2373 811 2409 externam
835 2382 1047 2421 quaerere
1069 2382 1203 2422 cogor
1223 2382 1368 2421 opem.

257 2436 428 2476 Rumor
449 2435 496 2485 it,
524 2437 712 2486 Heroes,
737 2436 925 2478 miserae
949 2451 1204 2478 succurrere
1227 2436 1338 2479 velle

313 2505 406 2545 Vos
429 2504 552 2554 mihi,
578 2512 680 2546 sunt
705 2505 777 2559 qui
801 2505 890 2547 iam
912 2505 1010 2547 vela
1033 2505 1208 2547 dedisse
1231 2512 1404 2560 putent.

256 2574 426 2614 Haeret
448 2573 492 2614 in
515 2573 725 2628 ambiguo
747 2589 874 2615 mens
896 2574 1011 2615 inter
1033 2589 1246 2628 spemque
1269 2581 1542 2629 metumque,

313 2643 447 2696 Spem
471 2650 631 2693 metus,
656 2643 833 2698 expellit
857 2658 960 2698 spes
983 2643 1091 2685 mihi
1116 2658 1248 2698 saepe
1272 2650 1457 2686 metum.

240 2840 246 2847 .
275 2816 426 2854 Caesam}
481 2816 674 2847 Ferdinand
692 2817 737 2847 II.
755 2817 794 2848 of
805 2817 954 2848 Austria.

278 2925 432 2963 Haeret.]
486 2925 570 2955 This
587 2925 711 2956 distich
729 2925 756 2955 is
774 2926 906 2967 worthy
922 2926 960 2957 of
973 2926 1070 2958 Ovid.

1841 322 1895 364 79

1842 1552 1894 1581 10

1838 2243 1891 2271 20

276 2870 574 2910 Hypermnestra]
621 2871 684 2902 See
697 2871 755 2902 the
772 2872 848 2911 rqth
868 2872 998 2912 Epistle
1015 2872 1054 2903 of
1066 2872 1184 2903 Ovid's
1201 2872 1373 2909 Heroides,
1392 2873 1693 2913 “Hypermnestra
1708 2874 1886 2914 Lynceo'’.
