2594 3749
695 304 777 346 214

1478 301 1713 334 PARERGA.

927 419 1118 473 Iuraque
1141 417 1400 474 Grampiaci
1422 418 1704 474 prostituisse
1725 418 1818 461 fori.

865 490 981 531 Ante
1003 496 1171 543 putem,
1194 503 1323 531 verso
1347 490 1525 532 Donam
1548 490 1658 544 pede
1680 489 1857 531 volvere
1879 488 2100 544 lymphas,

925 559 983 600 Et
1007 558 1125 600 latus
1147 557 1317 600 occidui
1341 572 1471 613 posse
1494 558 1641 601 subire
1663 558 1773 600 freti.

868 626 1152 668 Bennachiae
1167 626 1180 650 ¹
1203 626 1336 669 citius
1358 628 1577 669 scandens
1598 626 1777 681 fastigia
1800 625 1938 681 rupis,

927 695 1063 738 Urius
1085 709 1110 737 a
1135 695 1292 738 Donae
1314 695 1488 750 gurgite
1509 695 1658 738 flectet
1681 695 1777 738 iter.

866 764 1101 806 Incassum
1124 763 1346 815 lacrimas,
1368 764 1502 815 vafer,
1526 771 1569 807 et
1592 763 1782 819 suspiria
1805 763 1966 814 fundis,

924 834 982 876 Et
1007 833 1210 889 precibus
1234 833 1397 876 mixtas
1419 834 1679 889 insidiisque
1702 833 1861 876 minas.

868 902 994 944 Haec
1017 917 1143 945 sacer
1164 903 1365 953 heroum,
1390 918 1500 957 quos
1522 909 1671 945 tentas
1693 903 1886 953 flectere,
1910 908 2065 945 coetus

924 971 1142 1027 Despicit,
1166 979 1209 1015 et
1232 972 1269 1014 si
1292 987 1406 1027 quae
1427 972 1614 1014 forsitan
1632 986 1756 1014 arma
1779 986 1923 1026 paras.

866 1041 1073 1096 Lynceus
1095 1041 1166 1084 hic
1189 1055 1371 1084 causam
1396 1048 1619 1096 spectans,
1644 1042 1698 1082 ad
1722 1047 1869 1083 cetera
1892 1054 2052 1082 caecus

922 1110 1112 1160 Arbiter,
1136 1117 1271 1164 utque
1294 1111 1435 1160 decet,
1460 1117 1645 1152 truncus
1668 1116 1855 1164 utraque
1878 1123 2014 1151 manu
2037 1115 2117 1151 est.

868 1178 986 1221 Huic
1009 1193 1157 1233 equeS,
1178 1186 1220 1221 et
1245 1193 1493 1234 procerum,
1518 1179 1613 1221 sine
1636 1193 1833 1229 munere,
1857 1179 2079 1233 supplicat
2102 1178 2223 1228 ordo,

924 1249 1126 1302 Suntque
1149 1263 1276 1302 pares
1300 1248 1362 1290 illi
1387 1250 1578 1292 Crassus
1600 1254 1642 1290 et
1668 1249 1767 1290 Irus
1789 1247 1932 1302 inops.

868 1317 954 1358 His
976 1331 1058 1371 ego
1080 1317 1298 1360 iudicibus
1320 1317 1509 1360 thalami
1533 1331 1689 1360 secura
1711 1316 1871 1371 iugalis

925 1386 1129 1437 Vincula,
1153 1387 1355 1429 fortunas
1378 1387 1447 1430 his
1470 1401 1551 1442 ego
1573 1387 1703 1429 credo
1726 1400 1863 1428 meas,

807 1524 860 1562 63.
886 1523 993 1556 Verso
1012 1524 1147 1556 Donam
1165 1523 1277 1565 pede.]
1332 1524 1426 1557 After
1444 1523 1542 1565 Ovid,
1561 1523 1714 1564 Hcroid„
1734 1523 1775 1555 V.
1793 1533 1845 1563 30.
1893 1522 1949 1565 Cf.
1963 1528 2045 1554 note
2061 1531 2105 1554 on
2121 1521 2193 1561 VI.,
2213 1519 2235 1552 1.
2253 1520 2305 1561 38.

810 1667 817 1686 ¹
838 1672 857 1685 “
872 1668 1055 1700 Benachiae
1070 1670 1089 1684 ”
1108 1669 1136 1701 is
1152 1669 1210 1702 the
1227 1670 1374 1712 spelling
1392 1670 1426 1701 in
1448 1670 1516 1702 this
1541 1679 1641 1712 poem
1666 1668 1717 1711 (as
1740 1668 1874 1710 printed
1897 1668 1931 1699 in
1954 1667 2103 1699 Delitiae
2126 1667 2166 1698 of
2185 1666 2262 1708 ‘37)‚
2287 1666 2346 1698 but
2371 1669 2389 1683 ‘⁶
2406 1666 2491 1697 Ben-

692 1722 845 1754 nach—”
871 1723 904 1753 in
930 1724 1094 1756 XXXIII.
1120 1726 1170 1764 65,
1199 1725 1265 1757 and
1289 1725 1484 1766 elsewhere,
1511 1724 1579 1758 and
1601 1724 1670 1756 this
1694 1734 1804 1756 seems
1827 1724 1947 1761 better,
1972 1723 2022 1755 for
2045 1721 2251 1763 uniformity.

2437 983 2492 1026 70

2548 1699 2551 1719 l

2578 2099 2580 2107 -
2582 1969 2583 1984 μ
2580 1620 2588 1929 „mm-...qs

2574 2397 2581 2506 -—-w
2577 2310 2581 2392 .—...-
2578 2291 2580 2295 .
