2594 3749
609 341 833 374 APOLOGY
865 340 960 373 FOR
991 341 1347 374 THAUMANTIA.
1801 344 1880 387 135

251 459 368 516 Quid
392 473 634 501 memorem
658 457 828 513 patriae
852 457 1072 512 Cargillos
1095 457 1240 499 sidera
1262 458 1435 509 fratres,

309 528 501 570 Lumine
525 527 598 582 qui
622 527 793 582 replent
817 525 935 568 orbis
957 532 1196 580 utrumque
1219 526 1372 568 latus?

252 598 339 640 His
361 612 512 640 comes
536 602 603 638 est
627 596 798 638 meritis
819 610 900 650 par
920 596 1290 638 Wedderburnus
1312 595 1502 650 utrique,

310 667 404 708 Nec
428 665 464 707 si
487 667 540 707 de
564 664 709 720 patria
732 663 908 718 migret,
932 663 1100 705 honore
1124 663 1284 705 minor.

250 737 438 779 Carcere
463 734 498 776 si
521 733 634 776 lucis
657 733 922 776 clausissent
947 733 1093 787 prisca
1116 732 1346 775 ministras

309 804 482 854 Saecla,
507 810 572 845 tot
596 804 782 845 heroum
805 816 936 844 nemo
959 802 1136 844 futurus
1158 808 1267 844 erat.
1803 815 1883 857 150

252 875 338 917 Sed
361 873 447 915 ruit
472 873 516 914 in
539 872 666 927 peius
690 886 791 914 cum
815 872 982 913 mundo
1006 871 1142 913 serior
1167 877 1308 922 aetas,

311 944 557 997 Spretaque
581 956 681 983 cum
704 941 885 982 famulis
907 955 1025 983 nunc
1050 940 1324 995 Prothyraea
1350 939 1480 983 iacet.

250 1012 319 1053 Ah
341 1024 509 1060 vereor,
534 1025 588 1052 ne
616 1024 734 1052 nunc
762 1009 955 1064 sumptis
978 1024 1086 1064 puer
1108 1009 1247 1064 aliger
1268 1009 1405 1051 armis

308 1079 480 1129 Avolet,
506 1085 548 1120 et
571 1085 713 1120 terras
735 1080 911 1121 deserat
934 1078 1053 1121 alma
1080 1079 1249 1120 Venus.

251 1149 390 1204 Quae,
415 1147 501 1189 nisi
525 1153 646 1189 certa
669 1147 795 1197 mori,
819 1147 1045 1190 thalamos
1068 1147 1232 1189 intrare
1255 1146 1404 1189 mariti

0 1215 1 1253 l
309 1218 500 1266 Audeat,
525 1222 567 1258 et
590 1216 746 1258 femori
771 1217 1062 1292 supposuisse
1084 1216 1262 1258 femur?

0 1254 1 1308 i
253 1286 373 1327 Dum
398 1285 517 1336 furit,
542 1292 585 1326 et
609 1292 745 1327 noctu
769 1285 941 1327 iuvenis
963 1300 1104 1340 vagus
1126 1286 1266 1335 ardet,
1290 1291 1333 1327 et
1357 1284 1491 1339 alget,

0 1339 2 1405 l
311 1353 356 1395 Si
381 1353 511 1408 sapit,
537 1353 680 1395 oranti
704 1354 881 1396 claudet
907 1354 1052 1396 amica
1074 1354 1202 1395 fores.

0 1410 2 1461 l
252 1422 430 1465 Gaudia
454 1422 647 1464 lascivae
670 1422 840 1477 fugient
866 1430 1082 1465 consueta
1104 1422 1294 1477 puellae,

310 1491 404 1532 Nec
428 1491 549 1532 dabit
574 1491 663 1532 ulla
687 1498 840 1546 putres
862 1492 1015 1533 oscula
1038 1498 1214 1546 praeter
1237 1505 1363 1533 anus.
1695 1491 1699 1496 “
1805 1492 1884 1532 160

253 1559 420 1601 Oscula
445 1559 481 1600 si
505 1574 591 1613 qua
614 1560 752 1610 dabit,
778 1574 924 1602 mores
946 1560 1196 1602 imitabitur
1219 1559 1354 1609 urbis,

311 1630 437 1683 Quae
460 1635 593 1682 caput
618 1629 790 1683 imperii
815 1643 957 1684 nuper
978 1635 1020 1671 et
1044 1629 1162 1671 orbis
1185 1635 1294 1670 erat.

256 1696 477 1738 Matribus
499 1697 711 1738 Ausoniis
734 1697 839 1739 olim
863 1704 1077 1752 carpenta
1102 1698 1297 1739 Senatus

311 1766 521 1816 Abstulit,
544 1766 588 1808 in
612 1766 758 1809 medio
782 1766 912 1809 iussit
937 1773 979 1809 et
1005 1767 1066 1808 ire
1090 1766 1199 1809 luto.

256 1835 408 1877 Sensit
432 1841 479 1876 ut
503 1835 788 1889 opprobrium
811 1850 922 1889 gens
946 1835 1241 1890 implacabilis
1264 1835 1368 1886 irae,

316 1903 526 1945 Protinus
548 1903 748 1958 ingratos
770 1905 933 1946 dicitur
953 1905 1047 1947 ulta
1070 1905 1202 1946 viros

256 1973 470 2028 Quaeque
494 1972 575 2014 sibi
600 1975 797 2015 nondum
822 1974 985 2016 maturi
1010 1974 1195 2029 pignora
1217 1973 1385 2015 ventris

316 2041 514 2091 Excutit,
539 2049 586 2083 ut
611 2042 804 2084 coniunx
826 2043 999 2085 desinat
1023 2058 1121 2085 esse
1144 2057 1315 2098 parens.

256 2110 460 2151 Poenitet
485 2111 616 2152 edicti
643 2112 815 2162 Patres,
840 2112 1100 2167 patriaeque
1122 2112 1349 2162 timentes,

315 2179 537 2221 Matribus
560 2180 794 2234 antiquum
818 2181 1051 2223 restituere
1073 2183 1223 2223 decus
1808 2194 1888 2235 170

256 2249 358 2289 Non
382 2248 527 2290 minor
548 2249 724 2291 Arctois
746 2250 865 2293 facta
887 2257 953 2292 est
978 2250 1139 2292 iniuria
1166 2250 1404 2305 Nymphis,

315 2317 409 2359 Nec
433 2319 560 2359 cadet
584 2318 628 2359 in
651 2325 824 2361 vestras
847 2319 1023 2361 mollior
1043 2319 1108 2361 ira
1131 2334 1281 2361 nurus

258 2387 383 2441 Quae
406 2387 604 2441 paritura
627 2387 724 2439 fuit,
750 2403 884 2439 nunc,
909 2389 1147 2431 obstetrice
1170 2395 1356 2438 remota,

315 2456 541 2507 Excutiet,
566 2457 688 2499 nullo
712 2458 910 2509 crimine,
935 2458 1104 2500 ventris
1127 2472 1253 2500 onus

259 2525 428 2566 Forsan
452 2532 494 2567 et
518 2533 692 2568 armato
714 2534 979 2569 concurrent
1003 2527 1180 2581 agmine
1203 2533 1384 2576 matres,

318 2595 462 2636 Marte
486 2595 707 2649 petiturae
730 2611 863 2651 quam
889 2596 1100 2651 rapuistis
1122 2611 1273 2638 anum.

257 2661 404 2704 Triste
428 2664 704 2719 securigeras
727 2665 892 2708 bellum
917 2666 1109 2708 movisse
1132 2666 1318 2719 puellas,

318 2733 458 2786 Inque
482 2748 586 2776 suos
608 2734 842 2788 perhibent
865 2750 990 2778 arma
1012 2735 1169 2776 tulisse
1190 2735 1322 2777 viros.

205 2855 276 2886 153.
304 2847 388 2877 Puer
406 2847 539 2888 aliger.]
584 2847 659 2879 The
677 2848 828 2890 imagery
845 2849 924 2881 here
942 2849 970 2881 is
987 2849 1103 2880 drawn
1121 2848 1249 2889 largely
1266 2848 1351 2880 from
1369 2848 1488 2880 Ovid's
1505 2852 1523 2865 “
1538 2849 1682 2880 Amores
1696 2850 1727 2879 '’.

206 2902 276 2939 163.
303 2901 471 2933 Matribus
498 2903 688 2943 Ausoniis]
745 2904 810 2935 See
835 2904 931 2944 Livy,
956 2904 997 2936 V.
1030 2912 1080 2942 25,
1110 2903 1177 2934 and
1202 2903 1298 2940 Tac„
1323 2903 1423 2940 Anu„
1450 2904 1528 2934 XII.
1549 2912 1601 2943 42,
1627 2903 1708 2934 with
1733 2909 1832 2935 notes
1855 2905 1895 2935 of

87 2961 364 2986 commentators.
