2594 3749
648 322 728 363 166
1439 329 1678 361 PARERGA.

823 448 1026 491 Carceris
1051 447 1180 490 eduxi
1202 446 1396 489 tenebris
1421 448 1655 501 Regesque
1682 449 1934 502 Ducesque,

881 517 941 559 Et
964 516 1089 559 caelo
1111 516 1220 558 iussi
1243 515 1445 558 liberiore
1467 515 1566 557 frui.

822 585 924 627 Iure
946 584 1055 626 mihi
1079 584 1226 635 cessit,
1252 584 1428 638 magnis
1450 584 1658 626 heroibus
1681 583 1791 635 auri,

878 653 1099 709 Quicquid
1122 661 1164 696 et
1189 653 1376 708 argenti,
1402 653 1610 708 quicquid
1633 660 1675 695 et
1699 653 1814 695 aeris
1836 660 1945 695 erat.

819 723 965 764 Aurea
988 722 1169 765 libertas
1192 721 1348 777 quovis
1371 722 1627 764 redimenda
1651 722 1833 764 metallo
1855 728 1937 772 est,

878 793 936 834 Et
959 792 1151 847 pretium
1175 792 1335 834 vindex
1358 806 1538 846 poscere
1561 791 1653 833 iure
1676 799 1839 846 potest.
2074 839 2083 849 ἢ

818 860 978 904 Vincla
1001 863 1115 915 quod
1142 861 1369 903 Hesionae
1391 860 1583 914 dempsit
1606 860 1885 916 Tirynthius,
1910 875 2017 903 auro

876 930 973 972 Iam
998 929 1132 972 micat
1155 929 1305 972 Arctoi
1330 943 1417 971 non
1440 919 1600 984 procul
1616 928 1716 982 igne
1740 929 1843 984 poli.
2391 943 2446 983 30

817 999 1038 1053 Astraque
1060 997 1301 1053 promeruit
1326 1004 1501 1039 servata
1527 997 1697 1051 virgine
1726 998 1928 1048 Perseus,

874 1068 1046 1109 Aureus
1069 1074 1111 1108 et
1135 1066 1245 1108 caeli
1268 1073 1390 1108 totus
1413 1065 1456 1107 in
1480 1080 1560 1107 axe
1583 1065 1710 1108 nitet.

818 1136 909 1178 Cur
929 1150 1010 1189 ego
1033 1135 1291 1190 despiciam,
1316 1135 1432 1189 quod
1456 1149 1587 1176 nemo
1610 1134 1812 1190 despicit,
1837 1135 2029 1177 aurum?

874 1204 941 1245 Ah
966 1210 1274 1259 paupertatem
1299 1217 1378 1245 cur
1398 1218 1479 1256 ego
1502 1203 1624 1245 solus
1647 1204 1828 1245 amem?

818 1272 992 1315 Obtulit
1015 1274 1191 1314 Aeneae
1215 1271 1345 1314 matri
1372 1272 1498 1314 Paris
1521 1286 1655 1314 aurea
1677 1286 1825 1326 poma,

875 1341 1074 1383 Muneris
1098 1341 1321 1395 extemplo
1344 1347 1475 1395 capta
1498 1341 1640 1383 nitore
1665 1342 1762 1383 Dea
1785 1347 1866 1383 est.

817 1411 978 1452 Fertur
998 1417 1040 1452 et
1065 1409 1108 1451 in
1133 1410 1290 1452 mediis
1315 1411 1473 1452 Danae
1496 1409 1650 1464 gavisa
1672 1409 1882 1460 tenebris,

871 1479 1070 1521 Aurifluo
1094 1479 1294 1521 madidos
1317 1479 1426 1522 vidit
1451 1486 1498 1521 ut
1521 1479 1661 1521 imbre
1683 1479 1822 1521 sinus.

815 1549 952 1590 Sacra
974 1548 1115 1590 fames
1138 1549 1232 1590 auri
1256 1555 1337 1599 est,
1362 1556 1405 1590 et
1428 1548 1727 1591 ineluctabilis
1747 1564 1756 1590 ε
1790 1563 1946 1590 omnes

873 1617 1000 1659 Illius
1023 1632 1074 1659 ex
1097 1632 1238 1671 aequo
1260 1617 1405 1671 tangit
1429 1624 1472 1660 et
1496 1617 1582 1660 urit
1606 1632 1744 1660 amor.
2388 1631 2443 1673 40

816 1686 916 1728 Hoc
939 1688 1066 1729 docet
1089 1686 1302 1728 auricomi
1326 1688 1490 1741 praedo
1512 1686 1776 1729 notissimus
1797 1685 1928 1736 horti,

872 1756 930 1797 Et
954 1755 1028 1810 qui
1054 1756 1282 1812 Phryxeae
1305 1762 1430 1811 terga
1451 1756 1644 1798 totondit
1667 1755 1776 1798 ovis.

814 1824 873 1866 Et
899 1825 1144 1880 Polydoreo
1166 1825 1239 1879 qui
1262 1824 1393 1867 tinxit
1418 1824 1635 1879 sanguine
1658 1826 1875 1874 dextram,

871 1892 1044 1948 Quique
1067 1900 1194 1935 tuum
1218 1893 1341 1943 fodit,
1367 1908 1528 1947 magne
1553 1893 1769 1949 Sychaee,
1793 1893 1926 1936 latus.

812 1961 882 2002 Ah
905 1975 987 2015 ego
1009 1962 1175 2004 nullius
1198 1976 1334 2016 pecus
1357 1970 1434 2004 aut
1458 1962 1659 2017 pomaria
1682 1961 1806 2012 laesi,

870 2030 1047 2072 Nullius
1070 2030 1227 2081 invasi,
1252 2031 1436 2073 numina
1459 2038 1612 2080 testor,
1637 2045 1758 2085 opes.

811 2099 957 2154 Quam
982 2098 1090 2140 mihi
1114 2114 1214 2141 cum
1239 2114 1471 2154 procerum
1496 2106 1625 2141 coetu
1648 2099 1773 2153 plebs
1800 2097 1965 2140 invidet
1989 2098 2093 2148 ima,

871 2167 996 2209 Haec
1020 2167 1289 2222 imprudenti
1313 2169 1476 2222 praeda
1499 2175 1672 2222 reperta
1696 2167 1803 2208 mihi
1828 2174 1910 2208 est.

813 2236 991 2278 Rudera
1015 2236 1217 2291 ruspanti
1241 2236 1409 2291 crepuit
1434 2236 1542 2278 mihi
1570 2236 1683 2278 seria
1710 2237 1864 2278 dextro

870 2304 1078 2354 Hercule,
1103 2319 1172 2346 res
1195 2312 1312 2347 certe
1336 2305 1501 2346 nullius
1524 2304 1600 2346 illa
1621 2304 1718 2346 fuit.
2383 2316 2437 2358 50

812 2373 942 2414 Hanc
965 2387 1078 2414 anus
1101 2373 1330 2416 abdiderat
1354 2373 1433 2415 fati
1456 2387 1672 2428 praesaga
1695 2371 1846 2421 futuri,

869 2441 1184 2484 Deucalioneis
1207 2456 1261 2483 ne
1284 2449 1512 2496 raperetur
1534 2441 1675 2495 aquis.

808 2511 912 2560 Aut,
937 2511 1077 2565 Styga
1100 2525 1200 2552 cum
1225 2517 1408 2565 peteret,
1434 2509 1602 2565 Stygiis
1624 2510 1881 2551 admoverat
1906 2507 2088 2558 umbris,

868 2578 956 2620 Hic
979 2578 1082 2633 quia
1104 2579 1192 2620 fors
1217 2579 1350 2621 Erebi
1375 2578 1561 2633 portitor
1582 2592 1684 2620 aera
1708 2577 1832 2632 petit.

810 2646 936 2689 Bella
959 2647 1044 2702 piis
1066 2648 1170 2690 olim
1195 2656 1398 2690 moturus
1421 2654 1564 2690 rector
1585 2646 1762 2696 Averni,

749 2830 801 2860 41.
826 2820 1028 2864 Auricomi.]
1075 2822 1210 2854 Garden
1228 2822 1268 2854 os
1286 2822 1343 2854 the
1363 2821 1582 2863 Hesperides.

748 2885 801 2914 49.
829 2875 960 2907 Rudera
976 2875 1159 2917 ruspanti]
1196 2876 1269 2908 The
1286 2876 1492 2918 description
1510 2875 1603 2917 aptly
1620 2874 1739 2906 recalls
1756 2874 1813 2905 the
1829 2874 2006 2914 discovery
2023 2873 2063 2904 os
2077 2873 2134 2904 the
2152 2876 2171 2890 ‘¹
2186 2873 2319 2905 Brome
2338 2873 2400 2904 Pot
2414 2873 2432 2886 ”

634 2929 715 2960 with
734 2929 776 2960 its
792 2930 981 2961 thousands
998 2930 1037 2961 of
1047 2931 1145 2962 coins
1162 2931 1195 2961 in
1214 2931 1486 2972 Upperkirkgate
1503 2930 1542 2961 of
1554 2929 1730 2961 Aberdeen
1749 2929 1780 2959 iu
1799 2930 1896 2968 June,
1919 2928 2010 2958 1880.
