2594 3749
756 325 916 356 ELEGY
949 324 1016 356 ΟΝ
1050 324 1203 365 JAMEs
1238 325 1262 355 1.
1852 330 1904 370 91

277 442 482 484 Vidimus
500 442 704 496 ingentes
726 456 898 496 operas,
923 440 1172 481 munimina
1199 440 1331 494 prisci

334 511 535 561 Littoris,
560 526 670 565 eque
693 511 786 553 suis
809 517 935 552 eruta
958 524 1065 552 saxa
1093 509 1215 551 locis.

278 582 544 622 Innumeras
566 580 672 621 olim
696 579 876 621 sensisti
901 578 1051 621 Scotia
1075 578 1239 627 clades,

337 651 620 703 Damnaque,
645 664 724 703 par
746 648 808 690 illi
833 649 956 690 nulla
979 647 1107 689 ruina
1129 646 1227 689 fuit.

278 719 363 760 Pro
386 719 559 773 superi!
596 718 631 759 si
658 718 793 772 Regis
817 725 910 759 erat
934 732 1053 758 mors
1080 723 1216 765 certa,
1241 722 1448 758 senectae

335 789 537 829 Debebat
560 788 754 841 reliquos
777 787 997 829 evoluisse
1019 786 1127 828 dies.
1854 787 1907 827 60

265 858 316 898 In
340 864 473 911 caput
497 858 580 899 hoc
602 857 723 907 olim,
748 856 947 906 memini,
972 871 1133 898 manus
1156 855 1293 909 impia
1316 854 1433 897 sicas

312 930 315 933 ’
335 927 536 977 Strinxit,
561 927 804 969 Avernales
828 926 1152 981 supposuitque
1173 925 1307 966 faces.

276 998 490 1052 Quaeque
511 1003 577 1038 tot
601 996 786 1038 extinxit
805 1011 944 1051 reges,
970 997 1074 1037 urbs
1097 994 1192 1036 dira
1216 993 1388 1049 Quirini

334 1068 477 1121 Saepe
500 1080 654 1108 necem
678 1080 827 1120 puero,
853 1080 986 1120 saepe
1009 1065 1180 1106 minata
1202 1064 1297 1105 viro
1320 1070 1401 1105 est.

277 1136 365 1178 Hei
389 1136 512 1186 mihi,
536 1137 653 1190 quod
675 1136 810 1178 toties
832 1136 996 1178 frustra
1019 1134 1210 1177 tentavit
1235 1133 1446 1188 Erinnys,

332 1207 448 1247 Ante
471 1206 603 1256 diem,
630 1207 772 1248 Parca
795 1220 873 1247 cur
894 1205 1125 1260 iugulante
1148 1203 1266 1246 cadit
1285 1204 1300 1244 ?

275 1275 410 1317 Certa
434 1276 572 1325 Deae,
596 1275 752 1325 fateor,
778 1276 854 1316 sed
877 1289 1010 1316 caeca
1033 1280 1099 1315 est
1122 1274 1329 1321 dextera3
1363 1271 1505 1314 nescit

332 1345 477 1400 Quem
500 1344 644 1395 feriat,
668 1359 749 1387 nec
772 1359 883 1398 quos
905 1344 992 1386 ista
1015 1343 1143 1385 ruina
1166 1348 1355 1397 premat.

276 1414 450 1457 Occidit
474 1415 575 1464 heu,
600 1415 771 1469 patriae
795 1421 1020 1469 sceptrum
1045 1413 1118 1468 qui
1141 1418 1340 1467 gesserat
1364 1411 1525 1461 infans,

333 1483 412 1524 Bis
435 1483 577 1526 tribus
600 1492 642 1526 et
666 1491 846 1526 centum
870 1484 1048 1538 regibus
1071 1489 1195 1524 ortus
1218 1481 1339 1524 avis:
1853 1490 1908 1532 70

274 1553 361 1608 Qui
384 1561 449 1595 tot
475 1553 769 1608 Olympiadas
792 1560 1016 1608 sceptrum
1041 1552 1217 1594 libravit
1240 1551 1426 1600 avitum,

331 1623 554 1678 Cynthius
576 1624 745 1665 auratis
772 1630 877 1677 quot
900 1623 1003 1664 terit
1026 1628 1149 1664 astra
1172 1620 1280 1662 rotis
1300 1637 1309 1662 ε

275 1692 361 1748 Qui
384 1693 534 1747 populi
556 1693 795 1747 vultusque
819 1693 901 1743 sui,
926 1692 1210 1747 geniumque,
1235 1703 1464 1745 genusque

333 1763 545 1814 Noverat,
569 1770 611 1805 et
636 1778 782 1805 mores
803 1763 1012 1817 factaque
1034 1762 1180 1817 prisca
1203 1767 1408 1815 patrum:

274 1834 477 1876 Candida
500 1833 571 1875 cui
595 1848 770 1888 semper
791 1833 916 1874 vultu
933 1833 1112 1874 fortuna
1136 1845 1292 1873 sereno

333 1902 464 1953 Risit,
489 1910 531 1944 et
555 1910 740 1958 aspectu
763 1903 871 1945 favit
895 1902 1058 1956 ubique
1081 1916 1188 1943 suo:

273 1971 356 2014 Cui
380 1972 499 2014 dedit
523 1972 752 2027 ingenium
779 1971 944 2022 Pallas,
970 1985 1056 2025 quo
1079 1984 1212 2024 saepe
1235 1968 1421 2011 rebelles

332 2041 498 2095 Fregit,
522 2048 564 2083 et
592 2041 778 2083 hostiles
800 2040 921 2083 trivit
944 2039 1126 2082 inermis
1148 2053 1270 2093 opes.

274 2110 368 2152 Nec
391 2111 540 2152 minus
563 2111 740 2166 ingenio
762 2110 903 2153 valuit
926 2110 1100 2152 cultura
1124 2107 1340 2163 magistri,

328 2181 366 2220 A
389 2194 475 2234 quo
496 2180 718 2222 victurum
744 2180 896 2222 Seotia
918 2193 1080 2221 nomen
1104 2178 1254 2220 habet.
1851 2169 1905 2211 80

274 2249 356 2291 Ille
378 2250 579 2292 animum
602 2250 725 2305 gazis
747 2250 870 2292 auxit
894 2249 1132 2304 regalibus,
1157 2248 1231 2289 ille

330 2319 472 2374 Regia
496 2320 722 2374 Cecropiis
744 2319 903 2361 imbuit
926 2333 1002 2360 ora
1023 2317 1150 2360 favis.

271 2388 459 2439 Occidit,
482 2389 584 2440 heu,
607 2389 716 2432 recti
738 2395 904 2438 custos,
929 2388 1004 2443 qui
1027 2387 1230 2429 lancibus
1253 2384 1407 2439 aequis

331 2460 434 2501 Iura
457 2460 577 2501 dedit
600 2459 748 2513 regnis
771 2474 858 2500 non
881 2458 1091 2500 violanda
1115 2456 1270 2498 tribus.

272 2529 496 2572 Caedibus
518 2536 724 2572 assuetos
746 2529 948 2584 popuIOS,
973 2535 1015 2570 et
1043 2541 1178 2569 saeva
1202 2526 1440 2573 minantes,

330 2598 419 2641 Hic
442 2598 592 2641 docuit
616 2599 765 2654 legum
787 2597 966 2640 vincula
989 2611 1120 2652 posse
1142 2594 1251 2651 pati.

213 2770 265 2800 62.
290 2769 475 2801 Avernales
491 2769 736 2811 supposuitque
753 2770 872 2809 faces]
926 2769 1002 2800 The
1019 2765 1241 2809 Gunpowder
1260 2764 1335 2796 Plot
1352 2763 1392 2795 of
1404 2763 1482 2803 Guy
1499 2758 1642 2791 Fawkes
1658 2756 1697 2788 of
1711 2756 1804 2794 1605.

215 2825 267 2863 63.
294 2824 384 2856 Urbs
401 2824 473 2855 dira
489 2825 649 2866 Quirini]
696 2825 801 2866 Papal
821 2826 939 2856 Rome.
1471 2860 1473 2865 Α
1874 2862 1881 2868 Ι

210 2889 261 2919 71.
287 2878 536 2923 Olympiadas]
587 2882 780 2922 1567-1625,
803 2880 860 2911 the
885 2879 999 2920 period
1022 2879 1061 2910 of
1079 2878 1223 2919 James's
1247 2876 1314 2912 lise,
1336 2873 1454 2905 makes
1479 2867 1661 2910 fifty-eight
1677 2875 1785 2907 years.
1836 2864 1902 2894 His

101 2931 194 2973 reign
212 2933 239 2965 is
255 2935 402 2976 roughly
418 2935 520 2966 taken
538 2945 576 2967 as
596 2945 634 2966 12
655 2947 675 2966 ><
696 2947 716 2975 4
733 2950 761 2961 =
780 2936 833 2975 48,
852 2935 918 2971 i.e.‚
937 2945 974 2966 as
992 2944 1095 2974 many
1112 2931 1303 2974 olympiads
1321 2940 1358 2961 as
1375 2928 1469 2969 signs
1486 2925 1524 2956 of
1538 2922 1667 2955 zodiac-
