2594 3749
686 329 740 372 34

861 446 901 486 H

1472 327 1710 360 PARERGA.

910 459 993 487 unc
1019 445 1178 488 Furiae
1201 461 1423 501 peperere,
1448 446 1605 489 cohors
1628 453 1802 488 armata
1824 445 2030 495 colubris,

916 516 1006 556 Res
1028 529 1166 557 nova:
1202 529 1282 557 nec
1305 523 1432 570 pater
1453 516 1537 565 hic,
1562 531 1642 558 nec
1667 517 1818 557 Venus
1841 515 1932 557 ulla
1953 515 2050 556 fuit.

858 585 991 626 Forte
1014 585 1395 640 Acherontigenae
1418 585 1568 628 tristes
1591 585 1634 627 in
1657 585 1770 627 valle
1794 585 2040 634 sedebant,.

916 656 1068 697 Densa
1091 655 1355 698 Acherontis
1379 655 1451 698 ubi
1474 663 1605 698 taxus
1627 656 1864 697 obumbrat
1888 669 2053 709 aquas:

856 724 969 766 Cum
993 738 1145 766 vocem
1170 724 1324 766 Alecto
1347 732 1446 780 post
1470 725 1602 779 longa
1625 724 1802 766 silentia
1825 737 2051 778 rumpens,

911 793 1086 847 Terque
1109 801 1243 848 caput
1267 809 1486 848 quassans
1508 794 1616 836 talia
1639 794 1758 835 dicta
1780 793 1925 841 dedit:

857 862 1033 916 Ergone
1057 862 1304 917 progenies,
1329 864 1546 912 Acheron,
1571 870 1649 905 tua
1672 862 1838 904 nesciet
1863 876 2060 916 unquam

911 931 1027 986 Quid
1050 931 1107 973 sit
1133 933 1327 987 Hymen,
1352 940 1394 974 et
1418 940 1461 975 te
1484 947 1615 974 nemo
1638 931 1813 974 vocabit
1837 945 1968 973 avum
1987 932 2003 973 ?

857 1000 991 1042 Nulla
1012 1001 1092 1042 viri
1119 1016 1220 1056 spes
1242 1009 1308 1043 est
1327 1017 1335 1051 ;
1371 1002 1469 1056 quis
1487 1002 1604 1044 enim
1629 1016 1675 1043 se
1698 1001 1883 1043 misceat
1906 1000 2091 1056 hydris?

913 1069 1230 1124 Sustineatque
1255 1085 1334 1112 suo
1358 1085 1532 1126 serpere
1556 1078 1756 1112 monstra
1779 1070 1912 1112 sinu?

854 1140 965 1193 Spes
988 1146 1138 1180 tamen
1162 1146 1228 1181 est
1247 1140 1408 1194 prolis;
1443 1147 1564 1182 tacto
1588 1139 1799 1182 Saturnia
1822 1139 1942 1189 flore,

914 1207 1075 1250 Nescio
1099 1223 1198 1262 quo,
1222 1209 1374 1258 fertur,
1399 1209 1513 1251 clam
1540 1211 1657 1258 Iove,
1682 1209 1800 1251 facta
1823 1222 1998 1263 parens.

855 1278 965 1318 Orta
988 1277 1098 1318 mari
1124 1278 1276 1319 Venus
1299 1285 1381 1327 est,
1407 1278 1551 1333 patrio
1574 1279 1626 1320 de
1648 1277 1811 1320 vertice
1836 1278 1999 1327 Pallas,

912 1345 1146 1400 Primaque
1170 1354 1273 1388 sunt
1296 1347 1527 1389 hominum
1552 1362 1737 1402 corpora
1758 1347 1877 1389 facta
1898 1347 2007 1388 luto.

851 1415 920 1456 Tu
944 1430 1115 1469 quoque
1141 1416 1403 1466 Deucalion,
1428 1417 1577 1459 vetula
1605 1431 1704 1458 cum
1733 1416 1934 1471 coniuge,
1960 1416 2079 1458 saxis

910 1484 1082 1526 Diceris
1105 1485 1351 1527 humanum
1376 1485 1625 1528 restituisse
1648 1501 1803 1540 genus.

853 1553 967 1609 Quid
990 1568 1231 1596 memorem
1256 1570 1410 1597 caesos
1433 1570 1510 1610 per
1533 1560 1689 1598 m'utua
1711 1555 1895 1597 vulnera
1919 1555 2110 1597 fratres?

908 1623 1110 1677 Vipereis
1132 1638 1240 1677 gens
1263 1624 1371 1666 haec
1394 1625 1603 1667 dentibus
1625 1631 1722 1666 orta
1748 1624 1845 1666 fuit.

853 1691 967 1746 Quid
990 1692 1273 1734 formicarum
1299 1694 1483 1735 referam
1508 1695 1561 1736 de
1584 1693 1721 1749 stirpe
1744 1700 1917 1736 creatos

910 1761 1248 1816 Myrmidonas?
1283 1777 1518 1805 numerum
1543 1778 1631 1805 non
1654 1764 1787 1806 habet
1813 1763 1899 1805 ista
1922 1778 2063 1817 seges.

851 1830 1021 1871 Sufficit
1046 1831 1183 1872 Orion
1207 1832 1360 1873 multis
1382 1834 1434 1874 de
1458 1832 1655 1875 millibus
1678 1847 1819 1882 unus;

909 1899 988 1940 Ille
1012 1906 1170 1953 patens
1193 1900 1321 1943 nobis
1343 1908 1385 1943 et
1410 1903 1539 1944 breve
1562 1899 1783 1944 monstrat
1806 1901 1903 1944 iter.

852 1968 984 2009 Forte
1010 1969 1174 2019 Iovem,
1200 1971 1474 2025 comitesque
1496 1973 1615 2021 deos,
1640 1978 1873 2026 exceperat
1907 1970 2074 2012 Hireus

908 2037 1143 2092 Hospitio;
1178 2039 1313 2094 stirps
1336 2040 1438 2082 huic
1462 2041 1598 2091 nulla,
1622 2055 1703 2083 nec
1726 2055 1835 2083 uxor
1856 2048 1965 2083 erat.

852 2106 1066 2160 Iuppiter,
1091 2107 1266 2162 hospes,
1292 2109 1368 2158 ait,
1393 2117 1492 2164 pete
1516 2124 1680 2152 munus
1702 2111 1758 2152 ab
1780 2109 1954 2165 hospite
1974 2126 1982 2151 :
2017 2110 2199 2164 prolem,

908 2176 989 2217 Ille
1012 2176 1156 2227 refert,
1182 2178 1339 2228 solam,
1365 2181 1441 2221 sed
1465 2179 1559 2221 sine
1583 2186 1738 2229 matre,
1765 2187 1882 2234 peto.

850 2246 963 2287 Sunt
988 2253 1084 2288 rata
1106 2253 1210 2289 vota
1234 2249 1356 2290 Deo:
1392 2263 1493 2290 mox
1515 2249 1633 2291 caesi
1657 2251 1711 2291 ad
1734 2257 1858 2304 terga
1881 2249 2053 2291 iuvenci

907 2315 1135 2365 Constitit,
1160 2322 1202 2358 et
1226 2324 1360 2359 natus
1385 2317 1577 2368 Pleiade,
1603 2333 1764 2373 rexque
1791 2318 1942 2361 maris.

851 2382 1007 2425 Dicere
1031 2384 1159 2438 plura
1182 2387 1331 2440 pudet.
1396 2388 1523 2429 Salso
1547 2388 1723 2443 perfusa
1746 2388 1913 2443 liquore

904 2452 1050 2508 Terga
1074 2454 1198 2496 bovis
1221 2456 1363 2497 multa
1385 2457 1754 2499 contumulantur
1774 2457 1925 2500 humo.

850 2522 968 2564 Hinc
991 2537 1175 2578 puerum
1200 2525 1345 2567 decies
1369 2533 1573 2580 reparato
1596 2527 1791 2582 Cynthia
1813 2527 1939 2569 vultu

858 2779 907 2808 43-

857 2834 896 2865 47

859 2889 909 2918 49-

858 2943 897 2972 54

905 2592 1103 2634 Extulit:
1139 2593 1275 2636 Orion
1298 2595 1368 2637 hic
1392 2603 1495 2638 tuus
1525 2603 1648 2638 ortus
1675 2604 1784 2639 erat.

939 2770 1099 2810 Fratres]
1144 2770 1219 2802 The
1238 2771 1446 2804 Echionidae
1463 2779 1497 2804 at
1514 2773 1661 2811 Thebes,
1679 2784 1808 2815 sprung
1824 2774 1909 2805 from
1927 2773 1984 2805 the
2001 2773 2160 2815 dragon’s
2177 2772 2280 2804 tceth.

902 2849 909 2856 .
937 2825 1072 2865 Orion.]
1119 2826 1212 2857 Birth
1230 2827 1272 2859 of.
1326 2828 1389 2858 See
1410 2828 1508 2865 ovid,
1527 2829 1636 2866 Fastt',
1653 2829 1694 2860 V.
1713 2838 1786 2869 495.

940 2879 1094 2921 Hireus.]
1141 2881 1179 2911 In
1198 2881 1285 2913 Ovid
1303 2882 1327 2913 it
1345 2882 1371 2913 is
1390 2883 1550 2924 Hyrieus.

902 2958 908 2965 .
938 2934 1049 2965 Natus
1068 2934 1230 2976 Pleiade]
1279 2937 1445 2978 Mercury.

2429 669 2484 708 30

2427 1361 2481 1402 40

2425 2054 2478 2094 50
