2594 3749
715 330 746 361 A
779 322 998 362 FlsHER's
1029 330 1268 362 AI’OLOGY.

508 825 691 867 XXIII.
735 824 1055 866 APOLOGIA
1091 822 1477 865 PISCATORIS.

268 963 432 1018 Mysta,
457 961 568 1004 meis
590 961 755 1004 bellum
778 960 913 1003 toties
936 975 1014 1002 cur
1035 959 1204 1002 retibus
1227 959 1393 1001 infers?

325 1031 492 1073 Piscari
516 1044 642 1072 sacra
666 1044 743 1072 cur
765 1044 845 1083 ego
868 1029 965 1071 luce
987 1029 1144 1070 vetor?

266 1101 365 1155 Quo
388 1113 576 1154 premor,
601 1098 796 1140 edictum
821 1098 939 1139 solos
965 1097 1202 1152 obstringit
1226 1097 1431 1151 Apellas:

326 1170 420 1210 Nos
442 1182 584 1221 genus
609 1167 753 1222 Iapeti
777 1167 915 1209 libera
937 1168 1066 1209 turba
1090 1181 1259 1208 sumus.

268 1238 392 1279 Iusta
418 1236 501 1277 Dei
524 1236 593 1277 lex
615 1244 697 1285 est,
722 1250 930 1290 agnose0‚
953 1236 1030 1277 sed
1053 1235 1202 1277 invida
1226 1235 1334 1277 nulli

324 1305 543 1355 Creditur,
568 1305 650 1347 hac
674 1305 784 1347 caeli
810 1304 931 1346 curia
954 1305 1052 1346 labe
1075 1312 1220 1346 vacat.

268 1374 469 1428 Septima
492 1374 566 1415 lux
588 1373 698 1415 festa
726 1382 808 1423 est,
834 1375 909 1415 sed
933 1373 1050 1414 iners
1073 1379 1114 1415 et
1138 1372 1295 1414 inutile
1317 1372 1446 1414 terris

325 1442 450 1498 QuiS,
476 1442 560 1483 nisi
588 1442 751 1484 mentis
778 1442 921 1497 inops,
945 1449 1124 1496 tempus
1147 1442 1189 1483 id
1212 1456 1310 1483 esse
1333 1442 1492 1496 putet?

270 1513 369 1553 Hac
394 1512 518 1553 Deus
541 1511 633 1566 ipse
657 1526 841 1553 manum
867 1511 1038 1553 curavit
1062 1510 1203 1552 sidere
1226 1517 1411 1560 tactam,

326 1581 419 1622 Nec
442 1580 629 1622 comites
653 1580 787 1637 spicis
811 1579 1084 1622 abstinuisse
1107 1579 1243 1621 vides.

269 1650 390 1691 Luce
413 1663 538 1690 sacra
562 1648 708 1690 scelus
731 1655 798 1690 est
821 1648 889 1690 vel
913 1655 1056 1690 rastro
1078 1648 1280 1702 frangere
1302 1647 1470 1701 glebas,

327 1719 496 1772 Cogere
518 1719 586 1759 vel
609 1718 752 1760 fessos
774 1719 856 1760 sub
880 1718 983 1772 iuga
1006 1719 1153 1772 panda
1176 1718 1321 1759 boves.

271 1787 356 1828 His
379 1787 571 1828 exerceri
595 1786 771 1841 pluviae
794 1801 977 1829 securus
1000 1794 1042 1828 et
1066 1800 1215 1836 aurae,

327 1857 386 1897 Et
411 1855 505 1897 sine
528 1855 700 1897 iactura
724 1856 820 1898 luce
845 1862 1058 1909 sequente
1082 1862 1224 1910 potes.

271 1924 358 1965 Hei
383 1924 506 1973 mihi,
531 1938 665 1978 quam
689 1924 817 1966 nobis
844 1924 988 1966 brevis
1011 1930 1077 1966 est
1102 1923 1277 1965 occasio
1299 1923 1407 1965 lucri
1427 1923 1434 1964 !

326 1993 485 2035 Avolat
509 1993 619 2034 haec
642 1993 800 2047 pennis
822 1992 955 2043 ocior,
981 1994 1116 2042 Eure,
1140 1992 1243 2034 tuis.

270 2062 422 2103 Salmo
444 2062 556 2103 meis
579 2062 708 2103 hodie
732 2062 835 2104 salit
858 2069 901 2103 et
924 2062 1099 2104 lascivit
1122 2061 1166 2103 in
1191 2061 1336 2107 undis,

328 2133 438 2174 Cras
460 2131 635 2186 fugiens
658 2146 817 2186 supero
841 2132 944 2186 figet
968 2132 1011 2172 in
1036 2146 1167 2173 amne
1190 2131 1344 2173 larem.

269 2201 360 2243 Cur
381 2199 490 2241 mihi
514 2200 700 2242 subduci
723 2200 870 2255 patiar
893 2215 1006 2249 mea,
1031 2200 1195 2241 mentis
1218 2200 1417 2254 egenus?

328 2270 432 2319 Cur,
457 2283 538 2324 ego
562 2283 672 2323 quas
694 2268 810 2324 pavi,
835 2269 995 2324 glutiat
1020 2270 1133 2311 alter
1155 2268 1293 2310 oves?

272 2339 438 2393 Sponte
462 2353 543 2381 sua
565 2338 764 2389 veniunt,
789 2345 831 2380 et
855 2346 1073 2392 quaerunt
1097 2338 1209 2380 retia
1233 2338 1404 2391 pisces;

329 2407 440 2462 Quis
461 2407 582 2449 furor
603 2408 777 2449 oblatas
799 2414 982 2461 tangere
1005 2408 1122 2449 nolle
1147 2407 1318 2461 dapes?

274 2477 372 2517 Hoc
397 2490 571 2529 quoque
594 2478 769 2530 pondus
792 2476 941 2526 habet,
966 2476 1092 2518 festis
1115 2477 1230 2529 quod
1255 2489 1387 2529 saepe
1410 2474 1564 2516 diebus

331 2545 534 2587 Piscibus
557 2545 735 2588 uberius
759 2545 1042 2587 luxuriantur
1063 2559 1219 2599 aquae.

273 2614 371 2655 Lux
393 2628 519 2655 sacra
542 2627 620 2655 cur
641 2614 765 2656 offert
789 2615 1015 2668 praedam,
1042 2613 1076 2654 si
1100 2613 1211 2654 retia
1233 2612 1367 2666 pandi

331 2683 432 2723 Non
456 2682 560 2724 sinit
579 2683 594 2724 ?
629 2683 714 2725 hac
736 2682 940 2724 homines
963 2683 1252 2724 ludificantur
1273 2696 1369 2735 ope.

273 2753 359 2793 Sed
382 2766 463 2793 nec
485 2766 598 2807 opus
620 2751 816 2806 piscator
845 2751 950 2801 obit,
976 2765 1077 2793 cum
1101 2750 1212 2792 retia
1235 2751 1353 2792 laxat
1372 2765 1381 2798 ;

332 2821 431 2863 Hoc
454 2822 571 2875 apud
594 2820 803 2875 antiquos
826 2819 887 2861 nil
910 2820 994 2861 nisi
1019 2821 1149 2861 ludus
1172 2826 1281 2861 erat.

358 2955 387 2985 3.
413 2945 577 2986 Apenas]
616 2947 795 2986 Synonym
813 2946 862 2976 for
880 2946 963 2986 Jew,
981 2955 1018 2976 as
1036 2945 1069 2975 in
1090 2945 1257 2975 Horace's
1279 2946 1298 2959 ‘⁶
1314 2943 1463 2984 judaeus
1480 2943 1599 2985 Apella
1611 2943 1642 2975 ''.

1811 334 1891 375 149

1847 1593 1897 1621 10

1846 2280 1900 2309 20
