2594 3749
682 343 764 395 236

1457 353 1695 386 PARERGA.

854 471 989 513 Arma
1011 470 1129 513 dedit
1154 470 1311 520 rabies,
1335 477 1436 512 trux
1459 485 1572 524 quae
1597 470 1914 526 Polyphemus,
1938 478 1980 514 et
2004 471 2175 526 ingens,

913 539 1066 582 Sidera
1089 540 1161 594 qui
1186 539 1324 589 fulcit,
1348 540 1458 581 ferre
1482 548 1653 581 recuset
1677 540 1819 582 Atlas.

855 609 1032 663 Septem
1058 616 1181 662 terga
1205 610 1353 658 boum,
1377 608 1504 663 clipei
1528 609 1830 663 septemplicis
1852 610 1994 659 orbes,

913 679 1062 720 Laeva
1085 678 1210 732 regit,
1234 678 1372 719 telum
1397 679 1551 719 dextra
1573 678 1743 719 trabale
1765 685 1902 719 tenet.

854 747 1039 788 Enormi
1062 747 1170 801 tegit
1193 761 1298 788 ense
1321 747 1453 796 latus,
1478 761 1627 788 comes
1650 746 1827 788 additur
1849 747 1942 788 ensi

913 815 1063 870 Pugio,
1087 830 1167 857 ceu
1191 815 1340 870 cuspis
1364 829 1450 856 non
1474 815 1584 856 satis
1606 830 1694 857 una
1720 815 1845 857 foret.

853 885 1292 938 Flammivomosque
1315 886 1460 934 tubos,
1485 891 1526 926 et
1548 884 1639 926 tela
1661 884 1874 939 Typhoea
1897 886 2080 926 demens

913 954 999 995 His
1022 954 1158 1007 iugat,
1183 960 1224 995 et
1248 953 1433 1007 glandes
1454 953 1780 1007 fulmineosque
1802 953 1972 1007 globos.

852 1023 1030 1065 Vertice
1052 1024 1134 1064 fert
1157 1023 1403 1077 chalybem,
1425 1022 1539 1063 ferro
1561 1022 1634 1076 qui
1658 1021 1807 1064 durior
1827 1023 1948 1064 omni
1972 1029 2039 1064 est
2059 1037 2067 1073 ;

909 1094 1020 1134 Aere
1044 1107 1218 1142 manus,
1241 1091 1442 1145 geminos
1465 1096 1641 1145 asperat
1664 1105 1763 1133 aere
1786 1092 1934 1145 pedes.

851 1162 979 1217 Quod
1002 1161 1219 1216 reliquum
1243 1167 1324 1211 est,
1349 1160 1484 1202 lorica
1506 1159 1664 1215 graviS,
1687 1174 1800 1214 quae
1823 1160 2010 1216 despicit
2034 1175 2177 1212 enses,

912 1231 1123 1285 Protegit,
1147 1230 1333 1272 Aetnaei
1356 1243 1521 1271 munus
1547 1243 1745 1283 opusque
1767 1229 1893 1271 fabri.

856 1300 985 1341 Hanc
1009 1298 1343 1354 superinduitur
1364 1313 1481 1340 nunc
1504 1297 1616 1352 pelle
1640 1297 1887 1353 Libystidis
1910 1313 2052 1349 ursae,

910 1370 1040 1410 Nunc
1065 1368 1199 1417 bovis,
1222 1374 1298 1410 aut
1322 1367 1456 1418 corio,
1480 1367 1640 1410 bubale
1663 1382 1804 1416 saeve,
1825 1375 1916 1410 tuo.

851 1437 1037 1479 Talibus
1059 1437 1281 1479 incinctus
1304 1452 1381 1492 per
1402 1451 1490 1479 non
1514 1451 1594 1478 sua
1616 1451 1718 1479 rura
1739 1444 1942 1492 vagatur,

910 1507 1096 1561 Stringit
1120 1514 1162 1549 et
1185 1507 1229 1548 in
1251 1506 1453 1562 iugulum
1477 1506 1566 1548 tela
1589 1512 1745 1561 parata
1767 1521 1929 1548 meum.

855 1576 940 1617 His
961 1576 1102 1630 agitat
1126 1576 1435 1631 trepidumque
1459 1590 1610 1631 pecus,
1635 1575 1894 1630 pecorisque
1917 1575 2171 1630 magistros,

911 1647 1034 1687 Inter
1055 1653 1096 1687 et
1122 1646 1339 1688 attonitos
1360 1645 1547 1688 ventilat
1571 1659 1674 1687 aera
1697 1646 1845 1687 boves.

853 1714 925 1756 Sic
948 1715 1033 1757 ruit
1059 1715 1362 1757 Eumenidum
1386 1714 1580 1757 flammis
1604 1713 1864 1756 stimulatus
1887 1715 2084 1763 Orestes,

911 1784 1110 1826 Penthea
1133 1784 1195 1826 sic
1218 1784 1323 1839 egit,
1348 1784 1410 1826 sic
1433 1784 1710 1826 Athamanta
1731 1783 1864 1825 furor.

853 1853 925 1894 Sic
949 1852 1294 1895 Telamoniades
1316 1852 1450 1895 sociis
1472 1852 1673 1894 infensus
1695 1852 1892 1902 Achivis,

910 1923 1032 1964 Rura
1055 1937 1132 1977 per
1154 1929 1196 1964 et
1220 1922 1368 1971 silvas,
1390 1921 1434 1963 in
1457 1936 1592 1976 pecus
1616 1935 1740 1963 arma
1763 1920 1875 1963 tulit.

852 1992 995 2044 Seque
1018 1998 1142 2033 ratus
1166 1991 1338 2033 Danais
1360 1997 1403 2033 et
1427 2005 1589 2045 magno
1611 1996 1769 2044 pectus
1794 1989 1948 2045 Ulyssi

910 2059 1078 2114 Figere,
1101 2075 1335 2103 vervecum
1363 2059 1581 2115 sanguine
1607 2059 1738 2102 tinxit
1762 2059 1960 2101 humum.

853 2129 985 2170 Hanc
1008 2144 1088 2183 ego
1111 2129 1199 2171 vim
1225 2136 1394 2180 contra,
1418 2128 1578 2184 triplici
1601 2143 1719 2170 nunc
1742 2135 1923 2183 pectora
1943 2128 2057 2170 ferro

910 2198 1112 2252 ImpIico,
1137 2198 1310 2241 curvari
1333 2200 1525 2257 pondere
1548 2199 1747 2240 membra
1769 2197 1906 2240 vides.

852 2267 974 2308 Naso
998 2269 1136 2310 Getas
1158 2267 1275 2310 inter
1294 2267 1433 2309 vitam
1456 2266 1651 2309 traduxit
1675 2266 1891 2308 inermes:

913 2337 1104 2390 Unaque
1127 2343 1233 2379 tunc
1257 2337 1406 2390 elegos
1426 2336 1610 2378 fundere
1633 2350 1738 2378 cura
1760 2335 1858 2378 fuit.

853 2404 1039 2447 Finibus
1062 2405 1106 2446 in
1130 2405 1286 2460 patriis
1309 2412 1477 2448 tectum
1501 2419 1572 2447 me
1595 2405 1740 2447 cernis
1762 2405 1921 2456 aheno,

909 2474 1095 2529 Quaque
1118 2489 1228 2528 puer
1249 2474 1380 2529 repsi,
1403 2481 1521 2516 terra
1543 2473 1743 2516 timenda
1766 2473 1875 2515 mihi
1898 2479 1980 2516 est.

855 2543 938 2583 Pro
961 2543 1066 2592 lare,
1092 2557 1169 2597 pro
1192 2557 1343 2594 censu,
1369 2558 1446 2598 pro
1470 2542 1561 2584 vita
1583 2556 1762 2584 cernere
1785 2549 1910 2584 vates

911 2611 1109 2665 Cogitur,
1134 2627 1359 2654 armorum
1384 2612 1657 2666 militiaeque
1681 2611 1817 2653 rudis.

853 2680 970 2721 Affer
991 2695 1137 2734 opem,
1161 2681 1306 2723 saneti
1330 2687 1465 2736 caput
1489 2687 1531 2722 et
1555 2680 1696 2722 tutela
1721 2681 1930 2731 Senatus,

912 2750 1054 2804 Haye,
1079 2750 1161 2792 sub
1184 2750 1349 2792 Arctoo
1372 2750 1445 2804 qui
1471 2751 1574 2792 Iove
1598 2750 1693 2791 iura
1716 2749 1846 2804 regis.

923 2897 974 2936 63.
1001 2896 1268 2928 Flammivomos
1285 2897 1413 2937 tubos]
1459 2897 1533 2929 The
1549 2897 1683 2929 musket
1701 2907 1737 2929 or
1754 2907 1834 2939 gun,
1852 2896 1909 2929 the
1926 2895 2067 2928 modern
2085 2895 2228 2929 firearm.

923 2960 975 2991 77.
1001 2950 1296 2991 Telamoniades]
1345 2951 1420 2984 The
1438 2951 1518 2983 mad
1534 2951 1631 2994 Ajax.

2423 679 2478 720 60

2425 2059 2478 2101 80

2424 2758 2478 2801 90
