2594 3749
652 353 997 394 PANTLEMON'S
1029 363 1326 396 COMPLAINT.

319 479 470 529 Nulla,
494 479 562 521 vel
585 478 740 522 illicito
767 478 886 521 iusta
911 480 1090 533 querela
1111 487 1209 523 toro
1231 488 1311 523 est.

261 547 441 589 Demite
463 554 652 590 terrores
676 547 867 590 Bucauli
890 548 934 589 in
957 555 1134 602 pectore
1156 549 1281 599 fixos,

316 617 444 671 Quod
467 623 669 671 superest
693 616 870 671 propria
891 616 1104 658 futilitate
1127 624 1238 659 ruet.

260 685 362 726 Non
384 691 537 727 tamen
560 699 724 728 excuso
744 685 912 727 factum
936 684 1142 736 iuvenile,
1167 700 1247 728 nec
1271 700 1437 740 aequas

317 753 547 796 Stultitiae
570 768 737 808 poenas
758 754 870 795 ferre
893 768 1049 796 recuso
1073 768 1213 796 meae.

257 823 370 864 Acta
393 837 474 865 nec
496 823 707 865 insimulo
728 829 935 877 patrum3
969 824 1022 864 de
1045 823 1276 865 fraudibus
1299 823 1442 866 hostis

316 892 405 933 Fas
426 898 580 934 tamen
603 898 646 934 et
670 892 792 933 laeso
821 891 958 946 Regis
981 892 1148 934 honore
1171 892 1310 946 queri.

257 959 484 1015 Quidquid
508 967 602 1003 erat
625 960 782 1015 culpae
807 960 1022 1002 Lethaeis
1044 967 1258 1003 merserat
1282 961 1414 1003 undis

314 1029 516 1080 Carolus,
541 1036 583 1071 et
606 1029 762 1072 veniae
785 1035 852 1071 est
875 1029 1054 1084 publica
1076 1029 1195 1072 facta
1218 1030 1341 1073 fides.

258 1097 398 1152 Regia
421 1099 497 1140 sed
519 1098 668 1140 ridens
694 1098 817 1140 vafer
842 1098 913 1140 hic
940 1098 1199 1152 diplomata,
1224 1106 1425 1141 nostrum

316 1168 366 1208 In
390 1174 523 1221 caput
547 1182 687 1218 arma,
710 1167 830 1210 velut
857 1169 980 1221 Rege
1003 1168 1199 1218 iubente,
1224 1176 1366 1223 parat.

255 1236 350 1277 Nec
375 1250 512 1286 mora,
537 1236 770 1291 plebeiam,
792 1251 880 1290 qua
902 1243 1010 1278 tunc
1033 1251 1114 1291 ego
1135 1237 1247 1279 forte
1270 1237 1479 1288 latebam,

314 1305 458 1347 Milite
480 1313 700 1348 nocturno
722 1305 859 1360 cingit
883 1312 926 1347 et
949 1306 1050 1360 igne
1073 1320 1240 1348 casam.

257 1374 341 1415 Pro
363 1375 528 1429 pudor!
564 1374 745 1417 infamis
767 1375 1104 1429 proscriptaque
1126 1375 1298 1430 legibus
1320 1376 1441 1425 olim,

313 1443 372 1485 Et
396 1458 470 1485 rea
492 1458 596 1498 pars
618 1443 752 1486 huius
775 1458 940 1498 magna
962 1444 1159 1486 cohortis
1181 1451 1289 1487 erat.

255 1513 400 1554 Nemo
422 1512 491 1554 vel
514 1512 710 1555 obsessis
732 1513 895 1567 profert
920 1515 1135 1555 mandata
1158 1514 1368 1564 Senatus,

311 1581 394 1623 Vel
417 1581 605 1624 comites
628 1596 725 1624 sese
748 1583 907 1623 dedere
929 1596 1055 1624 meve
1078 1582 1215 1624 iubet.

255 1650 327 1692 Fit
350 1650 421 1692 via
443 1650 501 1700 vi,
526 1665 628 1704 pars
651 1650 762 1692 haec
783 1650 913 1700 ferro,
937 1665 1040 1705 pars
1062 1650 1242 1705 ignibus
1265 1653 1409 1699 aedes,

311 1719 563 1762 Glandibus
588 1718 741 1774 ignitis
764 1734 867 1774 pars
889 1719 1052 1762 furiata
1075 1719 1201 1775 petit.

253 1788 458 1831 Concidit
481 1788 650 1830 interea
673 1787 811 1830 misso
833 1802 911 1843 per
930 1788 1101 1831 viscera
1127 1788 1310 1843 plumbo

311 1857 513 1908 Femina,
538 1857 770 1912 lymphato
792 1857 976 1899 victima
998 1857 1118 1899 facta
1138 1858 1275 1912 gregi.

250 1926 368 1969 Tum
393 1926 501 1968 mihi
525 1926 754 1969 discussus
782 1941 913 1980 sopor
939 1933 1022 1976 est,
1047 1941 1132 1980 quo
1154 1927 1266 1968 forte
1289 1929 1535 1982 premebar,

310 1997 498 2050 Iamque
520 1995 637 2037 feras
660 1995 780 2037 sensi
804 1995 998 2037 lambere
1026 2010 1154 2037 crura
1176 1995 1306 2038 faces.

249 2066 445 2108 Aedibus
467 2064 668 2115 exiliens,
693 2065 765 2106 En
788 2064 860 2106 hic
886 2065 1196 2115 Pantlemona,
1221 2065 1323 2116 dixi,

308 2134 395 2190 Qui
417 2133 553 2176 toties
574 2133 700 2175 vobis
723 2147 860 2175 causa
882 2133 1056 2175 timoris
1080 2140 1188 2175 erat.

250 2202 297 2246 Si
321 2203 442 2246 lubet
466 2210 508 2244 et
531 2202 599 2244 fas
621 2209 704 2252 est,
729 2202 957 2257 captivum
981 2202 1144 2252 ducite,
1167 2202 1326 2245 vinclis

308 2274 378 2314 En
402 2278 655 2314 exarmatas
676 2271 860 2326 porrigit
883 2271 955 2313 ille
978 2286 1154 2313 manus.

248 2343 352 2392 Aut,
378 2341 413 2383 si
436 2341 519 2383 fert
541 2340 734 2391 animus,
757 2340 959 2395 iugulum
983 2340 1196 2382 recludite
1218 2340 1333 2390 telis,

306 2410 518 2465 Virgineo
541 2424 654 2464 quae
676 2409 766 2451 iarn
788 2409 931 2451 tincta
954 2424 1108 2451 cruore
1130 2411 1305 2452 rubent.

250 2481 386 2522 Haud
409 2493 548 2529 mora,
572 2478 806 2534 proscripti
830 2478 986 2528 civem,
1013 2478 1107 2520 sine
1130 2479 1225 2533 lege
1248 2479 1461 2529 furentes,

304 2550 558 2598 Abducunt,
583 2547 757 2590 miseris
779 2547 1095 2602 excipiuntque
1118 2547 1271 2590 modis.

247 2619 337 2659 Arx
357 2617 504 2659 vicina
525 2616 607 2659 fuit
628 2632 637 2658 ε
672 2616 781 2659 liber
803 2617 950 2666 modo,
974 2616 1205 2670 mancipor
1226 2616 1300 2666 illi,

305 2685 527 2728 Hostibus
549 2684 834 2740 opprobrium
858 2684 1186 2739 ludibriumque
1209 2685 1330 2727 meis.

248 2756 418 2797 Erutus
440 2754 543 2796 hinc
565 2754 792 2796 dominam
816 2753 1020 2808 captivus
1043 2754 1180 2795 ducor
1200 2753 1244 2795 in
1268 2754 1436 2803 urbem,

306 2824 394 2866 Hic
417 2823 491 2866 ubi
513 2837 631 2865 nunc
653 2822 851 2865 vinctum
875 2823 1089 2877 compede
1112 2836 1262 2864 carcer
1283 2822 1429 2864 habet.

248 2895 397 2936 Poena
419 2907 520 2935 mea
542 2898 624 2943 est,
646 2906 864 2947 procereS,
889 2892 965 2933 sed
987 2905 1067 2933 vos
1089 2891 1250 2933 iniuria
1271 2891 1430 2946 tangit,

937 2972 1010 3001 MM

1805 372 1885 413 273

1832 760 1885 800 60

1832 1459 1887 1500 70

1827 2137 1882 2178 80

1818 2837 1873 2879 90
