2594 3749
624 347 850 380 APOLOGY
882 348 977 379 FOR
1009 348 1362 381 THAUMANTIA.
1815 354 1894 396 137

324 466 458 506 Astra
475 465 509 514 ?)
536 465 612 506 sed
635 464 718 506 1100
740 463 847 505 vitio
869 464 1035 505 femina
1058 465 1180 506 nulla
1204 473 1339 506 caret.

266 534 406 576 Clava
429 535 545 587 quod
568 522 765 582 Alcidae,
791 534 906 587 quod
929 533 1090 575 Achiui
1117 534 1265 575 Penas
1288 535 1434 585 hasta,

327 605 426 646 Hoc
448 611 515 645 est
538 603 728 645 femineo
752 603 904 658 lingua
928 603 1105 658 petulca
1127 603 1264 658 gregi.

268 673 361 714 Nec
384 672 504 714 latus
527 671 720 726 accingit
743 671 946 713 nocituro
968 671 1133 713 femina
1155 672 1283 722 ferro,

325 741 419 782 Nec
441 740 553 795 gerit
576 739 743 781 imbelli
767 739 938 794 spicula
962 754 1096 781 saeva
1119 754 1270 781 manu.
1814 754 1896 783 220

267 810 444 865 Lingua
466 809 608 851 vicem
631 809 766 864 gladii
790 816 1003 864 praestat,
1027 809 1122 851 vice
1146 809 1298 864 lingua
1323 809 1515 864 sagittae
1538 816 1631 852 est:

325 879 541 921 Cominus
564 880 810 929 obstantes,
835 878 1010 920 eminus
1034 877 1109 919 illa
1132 877 1246 919 ferit.

268 949 361 991 Nec
385 949 529 1004 magis
551 949 662 990 haec
684 948 857 990 frenum
882 948 1063 1003 patitur,
1088 963 1223 1002 quam
1247 947 1423 990 concita
1445 947 1586 1002 tigris,

325 1019 445 1060 Nata
468 1018 536 1060 vel
560 1018 603 1059 in
628 1017 808 1072 Libycis
830 1024 956 1059 torva
983 1018 1139 1059 leaena
1162 1017 1292 1072 iugis.

268 1088 410 1141 Inque
433 1087 527 1129 dies
550 1087 686 1128 sumit
710 1087 890 1142 linguae
917 1087 1166 1141 petulantia
1192 1087 1322 1136 vires,

325 1158 512 1212 Quoque
536 1155 680 1211 magis
702 1156 853 1198 vetula
876 1163 958 1205 est,
983 1156 1067 1198 hoc
1090 1170 1220 1210 mage
1242 1155 1379 1210 garrit
1404 1170 1533 1198 anus.

266 1224 409 1266 Tusse
432 1225 550 1279 putri
574 1225 610 1266 si
634 1240 747 1279 quae
771 1226 927 1266 dentes
950 1224 1082 1266 simul
1107 1225 1282 1279 exspuit
1306 1240 1475 1275 omnes,

326 1294 501 1336 Mordet
525 1293 671 1336 adhuc
694 1293 832 1335 vetuli
862 1293 1059 1348 pessima
1082 1308 1202 1335 more
1226 1294 1365 1336 canis.

268 1363 369 1404 Hac
393 1377 567 1417 quoque
590 1369 715 1417 parte
739 1363 806 1404 sui
829 1363 897 1404 fas
919 1362 1233 1405 obstetricibus
1256 1362 1321 1404 uti
1344 1369 1426 1412 est,

326 1431 373 1474 Si
397 1446 558 1473 manus
581 1439 686 1486 apta
709 1438 778 1474 sat
802 1438 884 1482 est,
910 1431 1094 1473 crimine
1117 1431 1270 1486 lingua
1291 1438 1437 1473 vacat.
1818 1444 1901 1484 230

267 1500 394 1555 Quis,
419 1515 586 1555 precor,
611 1500 772 1543 obiecit
798 1500 975 1543 Phariis
998 1500 1232 1542 mendacia
1257 1500 1405 1550 Maiis,

323 1568 411 1611 Tot
435 1569 595 1623 quibus
618 1569 812 1612 infantes
835 1569 1034 1624 eripuere
1057 1570 1153 1612 neci
1172 1570 1188 1611 ?

268 1637 448 1681 Crimen
472 1646 580 1689 erat,
604 1639 761 1689 fateor,
784 1639 960 1681 vetulas
982 1638 1166 1680 illudere
1189 1638 1295 1694 regi,

325 1707 506 1750 Crimen
530 1714 575 1750 at
598 1708 682 1750 hoc
704 1714 800 1750 toto
822 1709 876 1750 de
897 1722 1030 1763 grege
1054 1707 1177 1750 nulla
1200 1707 1297 1750 luit.

269 1777 497 1831 Quotquot
521 1783 661 1826 erant,
687 1791 843 1818 omnes
866 1791 991 1819 rarae
1014 1776 1195 1831 pietatis
1219 1783 1261 1818 et
1285 1776 1394 1818 artis

326 1845 560 1887 Luciferae
584 1844 713 1887 iussit
736 1845 935 1899 praemia
957 1845 1068 1886 ferre
1094 1846 1232 1887 Deus.

269 1913 398 1955 Nube
421 1913 510 1969 tegi
533 1914 673 1956 voluit
695 1913 868 1956 fallacis
891 1913 1078 1956 crimina
1101 1913 1294 1968 linguae,

325 1983 419 2024 Vos
441 1983 566 2024 decet
590 1983 859 2038 exemplum,
884 1997 971 2036 quo
995 1981 1136 2037 praeit
1159 1982 1247 2032 1110,
1273 1981 1414 2036 sequi.

269 2051 371 2093 Non
394 2051 505 2106 petit
528 2052 653 2102 haec,
679 2058 846 2094 matres
868 2053 983 2094 bona
1006 2066 1121 2106 quae
1145 2065 1345 2093 meruere
1368 2049 1555 2105 Canopi,

328 2122 452 2176 Quae
474 2121 657 2175 patitur,
681 2121 793 2163 satis
816 2128 898 2171 est,
922 2136 1054 2175 posse
1077 2135 1226 2163 carere
1250 2119 1396 2162 malis.
1819 2132 1902 2172 240

269 2189 476 2231 Luminis
499 2204 679 2232 usuram
704 2205 817 2244 quae
839 2192 915 2232 dat
939 2190 1218 2240 mortalibus,
1243 2189 1306 2231 illi

327 2259 416 2300 Fas
439 2272 521 2313 ope
544 2259 600 2300 sit
622 2266 771 2301 vestra
794 2258 962 2301 lumine
985 2273 1114 2313 posse
1136 2258 1237 2300 frui.

269 2326 348 2369 Sin
372 2327 486 2370 lucis
508 2328 716 2383 vitaeque
738 2343 900 2383 parens
923 2328 968 2369 in
991 2327 1181 2370 carceris
1204 2328 1363 2370 umbra

326 2398 448 2452 Lege
470 2397 605 2448 cadit,
628 2397 791 2440 tumuli
818 2397 1040 2440 distichon
1068 2397 1187 2439 istud
1214 2397 1323 2439 erit:

270 2468 297 2486 “
317 2468 442 2521 Quae
468 2466 582 2509 iacet
606 2466 692 2517 hic,
716 2467 894 2509 vetulae
919 2466 1079 2509 meruit
1103 2467 1193 2508 fors
1216 2466 1368 2521 lingua
1391 2465 1547 2520 perire,

329 2537 526 2578 Dextera
549 2550 638 2579 non
661 2536 823 2579 meruit
845 2543 939 2579 tam
964 2536 1165 2592 preciosa
1188 2536 1299 2578 mori
1318 2538 1360 2577 ''.

211 2702 284 2734 239.
311 2695 440 2726 Matres
458 2695 617 2736 Canopi]
663 2695 737 2727 The
755 2695 927 2737 Egyptian
951 2694 1128 2727 midwives
1144 2695 1184 2726 of
1202 2694 1260 2727 the
1276 2693 1344 2726 Old
1363 2693 1576 2731 Testament‚
1594 2691 1744 2729 Exodus,
1761 2691 1859 2734 chap.
1878 2691 1899 2723 i.

100 2747 235 2788 Spoken
259 2749 299 2780 of
317 2758 355 2781 as
380 2749 494 2781 Maiae
519 2749 553 2780 in
578 2749 599 2780 l.
625 2758 699 2789 231,
723 2750 792 2782 and
815 2750 858 2792 cf.
883 2750 904 2783 1.
934 2760 1005 2791 137.
