2594 3749
697 352 774 391 152
1474 348 1716 382 PARERGA.

864 466 909 508 Si
934 473 1084 508 tamen
1109 466 1224 509 hanc
1248 466 1442 509 maculat
1467 467 1627 518 scelus,
1653 475 1728 509 aut
1753 467 1862 510 levis
1885 481 2004 510 error
2026 468 2234 522 opellam,

921 536 1118 578 Numina
1142 551 1255 590 quae
1279 537 1438 591 placet,
1462 537 1593 578 turba
1619 537 1773 578 relicta
1800 536 1918 579 domi
1949 543 2032 587 est,

862 606 1102 660 Nuncupat
1126 605 1196 647 hic
1221 605 1404 660 Superis
1426 621 1504 661 pro
1527 606 1654 648 nobis
1676 613 1779 648 vota
1802 607 2017 661 popelluS,

916 674 984 716 Tu
1013 689 1188 729 quoque
1212 689 1290 729 pro
1312 675 1476 730 populo
1503 689 1699 730 segrege,
1725 682 1886 730 mysta,
1911 675 2028 717 litas.

859 743 1047 798 Templa
1069 744 1405 798 frequentantes
1427 759 1504 799 pro
1528 759 1598 786 me
1621 759 1722 787 curn
1747 745 1934 799 coniuge
1958 744 2051 787 nati

916 812 1038 855 Tura
1060 813 1353 868 propinarunt
1378 813 1585 868 plurima,
1610 814 1737 868 plura
1760 815 1944 856 dabunt.
2409 828 2488 857 100

858 881 976 924 Ture
1000 882 1072 936 pio
1095 882 1203 924 laesi
1229 882 1470 924 mitescunt
1498 883 1697 924 numinis
1719 883 1825 932 irae,

917 952 1150 1005 Multaque
1174 952 1389 1007 propitios
1411 951 1554 994 reddit
1577 967 1729 994 acerra
1754 954 1890 995 Deos.

855 1021 924 1063 Tu
948 1036 1124 1076 quoque
1147 1036 1247 1063 cum
1273 1021 1456 1076 Superis
1479 1021 1643 1063 irarum
1667 1022 1834 1072 desine,
1860 1030 2021 1078 mysta,

914 1090 1112 1132 Stridula
1132 1090 1345 1132 saevitiae
1369 1090 1557 1132 fulmina
1579 1105 1692 1144 pone
1715 1097 1836 1132 tuae.

855 1160 995 1201 Crede
1020 1158 1142 1208 mihi,
1168 1158 1360 1212 reliquos
1382 1158 1544 1200 feriunt
1568 1159 1678 1200 haec
1703 1158 1873 1213 spicula
1897 1159 2030 1210 cives,

914 1229 1083 1282 Perque
1106 1242 1254 1268 meum
1278 1227 1442 1269 foditur
1463 1234 1610 1270 cetera
1633 1229 1761 1270 turba
1789 1229 1922 1270 latus.

855 1296 987 1338 Retia
1010 1296 1045 1337 si
1070 1297 1225 1351 pellaS,
1250 1296 1395 1351 patria
1418 1311 1594 1350 quoque
1616 1297 1730 1351 pelle
1755 1297 1892 1352 Lyaei

912 1366 1114 1415 Munera,
1139 1367 1357 1408 debentur
1379 1365 1600 1407 mercibus
1623 1365 1699 1407 illa
1722 1366 1849 1408 meis.
2557 1372 2559 1385 ¹

853 1435 952 1476 Has
974 1449 1055 1489 ego
1077 1434 1335 1476 transmitto
1358 1433 1616 1489 peregrinae
1642 1435 1788 1489 gentis
1810 1435 1854 1476 in
1878 1450 1992 1486 oras,

911 1503 1055 1544 Multa
1078 1503 1190 1545 redit
1212 1502 1363 1544 vetulo
1384 1503 1546 1557 puppis
1569 1510 1730 1545 onusta
1753 1518 1889 1546 mero.
2402 1519 2481 1548 110

852 1571 1060 1614 Patribus
1081 1585 1330 1625 assurgam,
1354 1571 1521 1613 nullius
1543 1572 1760 1626 sanguine
1789 1572 1961 1628 ‘cingam

908 1639 1104 1695 Spicula,
1129 1640 1295 1682 nullius
1318 1639 1567 1682 sollicitabo
1589 1647 1752 1683 torum.

851 1709 1030 1752 Nullius
1053 1709 1260 1752 invadam
1284 1709 1468 1760 loculos,
1493 1710 1685 1765 periuria
1712 1725 1844 1753 nemo

907 1778 1111 1829 Obiiciet,
1136 1785 1332 1821 mentem
1357 1779 1479 1821 nulla
1503 1779 1664 1834 cupido
1685 1781 1848 1823 trahet.

849 1847 915 1890 Sit
939 1847 1047 1889 mihi
1070 1847 1137 1890 fas
1159 1848 1235 1890 uni
1258 1854 1436 1890 tantum
1461 1850 1750 1892 succumbere
1774 1850 1947 1905 culpae,

905 1917 973 1958 Ah
998 1916 1128 1959 liceat
1152 1917 1266 1959 festo
1288 1919 1470 1959 tendere
1493 1917 1584 1960 lina
1607 1919 1691 1960 die.

849 1987 990 2029 Parva
1013 2001 1136 2029 mora
1159 1993 1225 2028 est
1249 1986 1453 2037 sceleris;
1488 1987 1632 2030 brevis
1654 1987 1717 2029 illi
1741 1987 1903 2030 sufficit
1926 1995 2090 2039 aestas,

904 2055 1082 2098 Scilicet
1106 2062 1172 2097 est
1197 2055 1356 2097 messis
1378 2062 1556 2110 tempus
1579 2056 1622 2098 id
1645 2071 1776 2098 omne
1799 2071 1940 2098 meae.

847 2127 940 2168 Nec
963 2125 1153 2168 solidum
1178 2126 1368 2180 deposco
1391 2125 1506 2167 diem
1526 2139 1533 2167 :
1568 2125 1635 2168 bis
1657 2126 1828 2167 tollitur
1850 2133 1991 2176 aestu,

904 2194 983 2236 Bis
1006 2194 1114 2236 mihi
1136 2194 1268 2237 vicini
1291 2195 1490 2236 detumet
1514 2196 1632 2236 unda
1655 2195 1803 2237 maris.
2394 2209 2473 2237 120

847 2265 965 2306 Dum
989 2264 1277 2306 cumulantur
1298 2277 1454 2317 aquae,
1478 2263 1546 2305 fas
1568 2277 1655 2304 non
1679 2270 1745 2305 est
1769 2263 1937 2306 retibus
1960 2263 2050 2306 uti:

903 2333 976 2375 Sic
1000 2347 1125 2375 sacra
1147 2333 1221 2374 lux
1244 2338 1421 2374 tanturn
1445 2331 1512 2373 bis
1534 2331 1742 2374 violanda
1765 2332 1872 2374 mihi
1898 2340 1976 2374 est.

846 2403 967 2444 Luce
989 2401 1106 2444 cadit
1130 2401 1263 2444 toties
1283 2401 1350 2444 vir
1371 2401 1516 2443 iustus
1539 2408 1581 2443 et
1606 2401 1778 2454 integer
1799 2416 1902 2451 una,

902 2470 1098 2525 Euripus
1120 2470 1307 2524 quoties,
1332 2484 1443 2524 quas
1465 2469 1619 2519 vomit,
1644 2470 1791 2512 haurit
1814 2485 1970 2524 aquas.

845 2540 929 2582 Dic
952 2554 1047 2595 age,
1072 2553 1150 2583 cur
1172 2553 1288 2582 unus
1310 2539 1418 2580 mihi
1442 2540 1495 2581 de
1517 2545 1582 2581 tot
1607 2539 1804 2582 millibus
1826 2553 1958 2590 error,

788 2698 856 2729 107.
885 2687 981 2719 Retia
1005 2687 1032 2719 si
1057 2687 1191 2729 pellas.]
1236 2687 1310 2718 The
1333 2687 1512 2720 economic
1535 2697 1657 2719 reason
1683 2687 1710 2719 is
1733 2687 1880 2728 cleverly
1905 2693 1974 2728 put,
2003 2687 2167 2728 although
2193 2686 2217 2717 it
2242 2686 2269 2718 is
2296 2686 2405 2718 unsair
2433 2693 2468 2718 to
2526 2683 2528 2692 ’

669 2752 803 2774 assume
824 2742 896 2773 that
912 2742 970 2773 the
987 2742 1114 2783 fishing
1128 2751 1171 2772 on
1189 2742 1246 2774 the
1262 2741 1458 2782 week-days
1480 2752 1551 2773 was
1575 2748 1611 2773 to
1635 2742 1675 2773 be
1700 2741 1920 2778 intermitted‚
1939 2740 2005 2773 and
2030 2751 2069 2773 so
2092 2741 2150 2772 the
2173 2740 2267 2772 trade
2292 2740 2324 2771 in
2348 2739 2467 2781 curing

667 2797 799 2828 salmon
816 2806 887 2828 was
904 2803 940 2828 to
955 2806 1053 2828 come
1069 2803 1105 2827 to
1122 2806 1141 2827 a
1158 2796 1216 2827 full
1233 2796 1310 2827 end.
1358 2797 1486 2828 Parson
1505 2795 1645 2828 Gordon
1666 2795 1733 2828 and
1752 2796 1810 2827 the
1830 2795 1966 2828 ancient
1985 2795 2233 2836 topographers
2249 2794 2348 2826 make
2364 2794 2465 2825 rnuch
2522 2786 2526 2822 ι’

667 2851 706 2883 of
723 2851 780 2882 the
798 2850 859 2882 fisli
878 2850 972 2882 trade
989 2860 1026 2882 as
1043 2860 1062 2881 a
1079 2851 1187 2891 staple
1203 2851 1243 2881 os
1254 2851 1442 2882 Aberdeen.
1488 2850 1680 2891 (Spalding,
1701 2850 1851 2888 Trublcs,
1872 2851 1897 2880 Ι.
1917 2860 1947 2891 p.
1967 2850 2027 2889 84;
2052 2849 2197 2889 Antiqs.,
2218 2849 2283 2880 111.
2306 2852 2388 2889 174.)
2522 2836 2525 2852 ¹

786 2915 855 2936 111.
882 2905 1038 2937 Patribus
1054 2905 1260 2946 assurgam]
1306 2906 1398 2937 Here
1422 2906 1548 2942 follow,
1577 2906 1610 2936 in
1635 2915 1655 2936 a
1679 2905 1830 2946 singular
1853 2905 1988 2942 cluster,
2013 2904 2070 2935 the
2096 2903 2145 2935 six
2170 2903 2465 2935 commandments

667 2961 705 2992 os
725 2961 782 2992 the
799 2959 924 2991 second
941 2959 1043 2997 table,
1061 2959 1247 3000 beginning
1262 2959 1343 2990 with
1363 2964 1381 2976 ‘-
1398 2960 1541 2991 Honour
1559 2966 1594 2991 to
1613 2960 1793 2991 Parents''.
