2594 3749
638 349 692 388 24
1417 342 1653 374 PARERGA.

809 464 906 505 Has
930 476 1075 504 resera
1098 461 1225 510 ferro,
1249 461 1316 502 vel
1341 459 1505 502 amaris
1527 459 1648 500 illine
1671 457 1829 506 succis,

865 531 945 573 Vel
970 531 1174 572 mordace
1197 536 1343 572 cutem
1368 529 1543 584 pumice
1566 542 1697 582 saepe
1720 527 1841 569 frica.

807 601 896 642 Aut
920 599 956 641 si
979 599 1090 641 forte
1114 599 1268 648 latent,
1293 605 1479 652 exsugat
1503 597 1660 639 hirudo
1683 610 1898 646 cruorem,

864 670 951 710 Aut
975 668 1094 710 aloes
1118 681 1248 721 aeger
1270 667 1429 722 pocula
1452 667 1582 720 plena
1605 666 1742 707 bibat.
2354 676 2434 718 190

808 737 1064 793 Quinetiam
1088 736 1297 778 extremis
1321 737 1539 790 quadrant
1563 742 1775 783 extrema,
1801 734 1991 775 furorem

865 806 1039 847 Tollere
1063 805 1098 846 si
1121 805 1233 846 ferro
1256 819 1343 846 non
1367 813 1508 858 potes,
1534 803 1634 858 igne
1657 804 1802 845 doma.

812 876 901 917 Ure
925 875 1085 923 locum,
1111 874 1242 928 capiti
1267 874 1411 915 cervix
1436 873 1509 915 ubi
1534 872 1745 926 iungitur,
1771 886 1847 913 ure

867 942 1073 992 Brachia,
1099 957 1199 983 mox
1222 942 1448 996 geminum
1472 956 1587 991 cruS,
1612 949 1654 983 et
1678 948 1914 996 utrumque
1937 940 2093 982 femur.

809 1011 880 1054 Sic
903 1026 1036 1065 grave
1059 1018 1243 1065 septeno
1267 1010 1466 1052 manabit
1489 1010 1671 1052 flumine
1694 1009 1829 1059 virus,

869 1082 927 1122 Et
953 1082 1067 1135 quod
1091 1095 1177 1121 non
1202 1087 1387 1134 possunt
1412 1080 1601 1133 singula,
1627 1079 1769 1121 multa
1791 1080 1976 1120 dabunt.

811 1151 924 1192 Sunt
948 1150 1056 1191 haec
1081 1164 1243 1203 magna
1267 1149 1465 1203 quidem;
1500 1163 1652 1190 verum
1677 1155 1743 1189 est
1767 1146 2069 1202 praestantius
2092 1146 2189 1188 istis

867 1218 1106 1267 Auxilium,
1133 1218 1305 1272 quoties
1329 1233 1454 1259 mens
1478 1217 1648 1271 agitata
1670 1216 1790 1258 furit.

811 1289 979 1342 Sponte
1002 1302 1082 1329 sua
1106 1301 1336 1329 nemorum
1362 1287 1490 1328 siccis
1513 1287 1556 1327 in
1580 1286 1766 1328 collibus
1789 1286 1924 1328 herba

870 1357 1095 1405 Nascitur,
1120 1356 1273 1397 Aoniis
1297 1371 1384 1397 non
1409 1356 1524 1397 male
1548 1362 1653 1396 nota
1676 1354 1804 1409 iugis.
2359 1366 2440 1395 200

815 1425 934 1467 Huic
956 1425 1109 1466 folium
1134 1425 1319 1479 platani,
1344 1424 1466 1466 radix
1490 1439 1653 1478 caepae
1677 1423 1867 1472 aemula,
1892 1423 2032 1465 caulis

872 1496 954 1536 Est
980 1494 1159 1543 ferulae,
1184 1494 1296 1535 cnici
1320 1494 1506 1542 semina,
1531 1493 1700 1547 flosque
1725 1507 1865 1534 rosae.

814 1565 952 1612 Haec,
979 1564 1172 1617 reliquas
1194 1578 1294 1605 curn
1319 1563 1467 1605 condit
1491 1562 1649 1611 hiems,
1674 1561 1900 1616 aquilonia
1926 1561 2073 1604 ridens

872 1633 1070 1687 Frigora,
1096 1632 1285 1674 brumali
1309 1634 1391 1674 sub
1415 1632 1513 1674 nive
1537 1632 1677 1686 surgit
1701 1632 1852 1673 humo.

815 1704 957 1745 Grata
979 1702 1223 1756 peregrinis
1245 1709 1312 1743 est
1336 1701 1637 1744 coturnicibus
1659 1715 1775 1751 esca,

872 1771 1079 1814 Creditur
1100 1779 1142 1813 et
1166 1778 1366 1814 ventrem
1391 1786 1522 1825 saepe
1545 1770 1659 1813 ciere
1681 1770 1842 1825 capris.

817 1840 1030 1895 Repperit
1054 1841 1168 1882 hanc
1192 1840 1400 1894 primum,
1425 1840 1461 1881 si
1485 1855 1588 1882 vera
1611 1847 1678 1881 est
1700 1840 1834 1890 fama,
1862 1839 2129 1894 Melampus,

876 1911 1041 1952 Factus
1063 1917 1106 1951 et
1130 1918 1196 1951 est
1221 1909 1433 1959 medicus,
1458 1909 1531 1964 qui
1555 1911 1686 1951 modo
1709 1916 1862 1964 pastor
1883 1916 1993 1951 erat.

819 1980 918 2021 Hac
941 1994 1022 2033 ope
1045 1994 1145 2020 curn
1169 1979 1363 2021 furerent
1387 1993 1546 2021 saevae
1571 1978 1755 2020 Iunonis
1777 1980 1832 2021 ob
1856 1978 1945 2020 iras

878 2048 1117 2098 Proetides,
1143 2048 1260 2090 hunc
1284 2055 1478 2090 mentem
1504 2047 1752 2090 restituisse
1773 2048 1935 2090 ferunt.
2364 2059 2446 2088 210

818 2119 943 2159 Haec
967 2117 1103 2159 animi
1128 2117 1348 2160 instaurat
1371 2118 1500 2168 vires,
1525 2118 1634 2159 haec
1656 2118 1779 2160 frena
1801 2117 1936 2160 furori

876 2186 1038 2236 Iniicit‚
1062 2194 1104 2229 et
1128 2194 1222 2228 toto
1245 2201 1427 2242 corpore
1449 2187 1569 2228 virus
1592 2186 1699 2241 agit.
1857 2193 1861 2196 ’

820 2257 1108 2298 Helleborum
1135 2256 1298 2306 Graiis,
1322 2263 1547 2298 veratrum
1572 2263 1638 2298 est
1661 2256 1780 2298 dicta
1805 2255 1994 2305 Latinis,

879 2327 937 2367 Et
963 2340 1056 2374 sua,
1082 2325 1155 2380 qui
1179 2325 1362 2375 invenit,
1387 2326 1569 2367 nomina
1591 2326 1702 2367 ferre
1725 2325 1859 2368 dedit.

821 2396 947 2450 Quod
972 2393 1097 2449 nigra
1120 2394 1176 2436 sit
1200 2394 1338 2444 radix,
1363 2394 1538 2449 nigrum
1563 2394 1826 2449 cognomine
1849 2394 2016 2443 dicunt,

877 2465 1038 2506 Cetera
1061 2463 1185 2518 queis
1208 2463 1331 2506 radix
1355 2464 1534 2514 albicat,
1559 2465 1660 2507 alba
1682 2471 1858 2506 vocant.

764 2631 835 2654 201.
867 2622 956 2654 Huic
982 2621 1099 2654 folium
1125 2622 1281 2664 platani.]
1340 2622 1414 2654 The
1439 2622 1533 2664 plant
1558 2632 1668 2654 seems
1692 2628 1727 2654 to
1750 2623 1790 2654 be
1817 2622 2010 2658 Hellebore,
2034 2621 2145 2654 which
2171 2621 2197 2653 is
2221 2632 2241 2653 a
2264 2621 2392 2662 variety
2415 2621 2452 2653 of

649 2687 709 2709 our
726 2681 745 2694 “
759 2677 1055 2708 Christmas-Rose
1068 2678 1086 2691 ”
1104 2677 1279 2719 laughing,
1297 2687 1335 2709 as
1351 2678 1522 2718 Johnston
1541 2687 1629 2718 sayS,
1648 2683 1682 2708 at
1697 2677 1817 2708 winter
1835 2687 1960 2708 snows.

765 2732 836 2764 206.
864 2731 1024 2762 Ventrem
1049 2731 1136 2762 ciere
1160 2732 1300 2773 capris.]
1345 2732 1462 2763 Taken
1488 2732 1573 2764 from
1600 2731 1707 2772 Pliny,
1730 2732 1772 2762 N.
1794 2732 1853 2768 H.‚
1872 2740 1980 2771 2521,
2002 2731 2080 2763 who
2104 2731 2272 2762 surnishes
2297 2730 2370 2763 also
2393 2730 2449 2762 the

650 2785 856 2826 subsequent
874 2791 967 2826 story
984 2795 1021 2816 as
1038 2791 1073 2817 to
1092 2785 1295 2827 Melampus.

765 2849 837 2879 213.
864 2840 1072 2880 Veratrum]
1119 2841 1218 2872 From
1238 2843 1403 2879 “verus,''
1421 2847 1504 2880 true,
1525 2851 1562 2872 as
1579 2840 1607 2872 is
1618 2841 1675 2872 the
1694 2845 1713 2858 ‘⁸
1726 2840 1997 2882 sooth-telling,'’
2016 2839 2270 2881 head-clearing
2286 2840 2392 2881 plant.

765 2903 835 2933 214.
865 2893 929 2935 Qui
947 2894 1102 2934 invenit.]
1151 2895 1418 2936 Melampodium
1436 2895 1463 2926 is
1481 2895 1537 2927 the
1562 2905 1661 2926 name
1686 2895 1725 2927 of
1744 2894 1800 2926 the
1825 2894 1921 2926 blaek
1947 2894 2076 2935 species
2093 2895 2131 2926 of
2153 2894 2344 2933 Hellebore,
2366 2894 2449 2925 from

652 2948 862 2989 Melampus3
889 2958 926 2979 so
946 2948 1053 2989 Pliny,
1072 2948 1152 2979 ibid.
