2594 3749
681 311 736 353 90

691 2796 875 2838 poisoned:
903 2821 910 2828 .
939 2819 946 2826 .
972 2819 979 2826 .

1468 305 1706 337 PARERGA.

854 423 1037 466 Artibus
1059 424 1278 466 illustrem
1301 423 1426 479 pacis
1449 438 1495 466 se
1517 424 1682 466 fecerat
1705 422 1798 465 orbi

915 493 1101 547 Ingenio
1123 493 1341 548 princeps,
1364 493 1638 547 consilioque
1661 499 1834 547 potens.

855 564 1091 604 Armorum
1118 563 1305 605 Bellona
1327 564 1464 605 decus
1485 561 1780 605 transcribere
1803 566 1910 603 nato

914 631 1090 682 Maluit,
1115 638 1157 674 et
1180 631 1329 674 iuveni
1353 633 1530 675 credere
1554 630 1715 673 Martis
1738 645 1863 685 opuS.

856 700 1010 743 Gloria
1033 701 1110 743 sed
1133 700 1227 743 nati
1253 701 1337 753 (fas
1361 700 1417 743 sit
1441 700 1549 742 mihi
1572 714 1675 742 vera
1697 698 1861 752 fateri),

914 770 1014 811 Non
1039 768 1197 820 minor,
1220 769 1433 811 incolumi
1456 775 1596 824 patre,
1619 768 1769 810 futura
1791 766 1888 809 fuit.

854 838 966 894 Quis
988 839 1141 893 pudor,
1166 838 1378 893 auspiciis
1400 844 1557 880 natum
1581 851 1779 892 pugnare
1801 834 2034 891 paternis?

914 907 1153 961 Primaque
1175 907 1362 949 consilio
1385 907 1500 949 bella
1524 920 1700 948 movere
1723 905 1876 947 senis?

857 975 1033 1017 Dicitur
1054 975 1270 1018 Aeacides
1292 975 1474 1018 Atridae
1498 975 1625 1029 signa
1649 981 1880 1028 sequutus,

915 1045 1086 1086 Hector
1107 1051 1149 1086 et
1173 1044 1358 1099 imperio
1381 1045 1463 1086 sub
1486 1043 1626 1098 patris
1649 1058 1773 1085 arma
1795 1042 1913 1084 tulit.

857 1113 929 1155 Ni]
955 1120 1106 1156 tamen
1130 1114 1352 1156 Aeacidae
1375 1113 1518 1155 titulis
1540 1113 1732 1155 detraxit
1755 1112 1946 1161 Atrides,

915 1183 1009 1224 Nec
1032 1189 1159 1237 pater
1183 1182 1395 1224 Hectorei
1420 1182 1615 1224 nominis
1638 1182 1796 1224 umbra
1819 1180 1916 1222 fuit.

859 1253 959 1293 Hoc
982 1253 1092 1294 duce
1115 1252 1308 1294 debebas
1330 1251 1477 1301 ordiri,
1504 1250 1676 1300 Camle,
1702 1250 1882 1299 bellum,

915 1320 1001 1376 Qui
1027 1321 1215 1376 Phryge,
1241 1320 1314 1374 qui
1340 1320 1477 1362 Graio
1499 1319 1696 1374 principe
1720 1319 1861 1360 maior
1883 1324 1991 1360 erat.

858 1391 944 1432 Sed
968 1390 1071 1443 quid
1095 1391 1212 1443 ago?
1249 1390 1395 1432 surdis
1417 1396 1627 1432 cantatur
1649 1388 1824 1430 naenia.
1889 1387 2063 1430 Clausit

918 1459 998 1500 Ille
1021 1459 1153 1509 diem,
1178 1459 1302 1501 nulla
1325 1474 1443 1501 nunc
1467 1459 1745 1501 revocandus
1768 1472 1863 1512 ope.

858 1528 973 1568 Ante
996 1529 1175 1577 cadens,
1201 1527 1399 1576 memini,
1425 1527 1630 1581 geminus
1654 1525 1929 1575 LennoinS,
1954 1531 2058 1568 ante

917 1597 1093 1650 Raptus
1118 1596 1428 1638 Hamiltonius
1450 1595 1596 1637 tristia
1620 1595 1748 1649 signa
1775 1594 1909 1636 dedit.

858 1664 975 1706 Tum
1000 1671 1133 1719 caput
1157 1664 1343 1707 inclinat
1367 1664 1574 1714 moriens,
1599 1670 1641 1706 et
1669 1663 1861 1706 concidit
1884 1664 2029 1713 arbos,

920 1733 1112 1776 Brachia
1135 1748 1251 1784 eum,
1275 1734 1403 1776 laevo
1425 1733 1567 1775 sidere
1589 1739 1726 1783 tacta,
1751 1734 1932 1775 cadunt.

862 1803 989 1844 Haec
1012 1809 1121 1853 erat,
1145 1803 1246 1853 heu,
1271 1804 1408 1844 durae
1431 1802 1580 1844 clades
1603 1801 1870 1856 praenuntia
1894 1801 2076 1843 mortis:

920 1872 1013 1911 Nec
1037 1870 1182 1912 minor
1203 1870 1431 1912 interitum
1455 1885 1570 1913 noxa
1593 1877 1782 1924 sequuta
1804 1870 1902 1911 fuit.

864 1939 1086 1981 Imbribus
1109 1940 1316 1990 assiduis,
1341 1946 1408 1981 tcr
1430 1940 1556 1982 denis
1578 1940 1767 1989 lucibus,
1790 1939 1945 1981 aether

922 2008 1070 2058 Luxit,
1095 2015 1137 2050 et
1162 2009 1313 2050 effusis
1336 2009 1486 2050 omnia
1510 2008 1664 2050 mersit
1688 2008 1830 2062 aquis.

864 2077 1138 2131 Squalebant
1164 2078 1258 2119 sine
1283 2078 1385 2119 Sole
1407 2078 1516 2127 dies,
1541 2078 1635 2119 sine
1659 2077 1800 2119 sidere
1823 2084 1992 2127 noctes,

924 2149 1094 2188 Horror
1116 2154 1157 2189 et
1182 2149 1439 2189 umbrarum
1462 2147 1605 2188 tristis
1628 2147 1790 2200 ubique
1816 2146 1913 2188 fuit.

866 2215 1098 2257 Fluctibus
1121 2215 1312 2257 insolitis
1335 2216 1499 2257 tumuit
1525 2215 1753 2265 Bodotria,
1778 2215 1905 2257 cunis

923 2285 1142 2339 Principis
1164 2292 1207 2327 et
1230 2285 1397 2327 domini
1420 2285 1656 2327 nobilitata
1679 2284 1762 2335 sui,

864 2354 1040 2396 Efferus
1063 2361 1105 2396 et
1128 2354 1294 2396 mixtus
1317 2354 1462 2396 saevis
1484 2353 1779 2408 Aquilonibus
1803 2354 1952 2396 Eurus

924 2422 1254 2464 Deucalioneas
1277 2437 1388 2477 pene
1410 2423 1582 2464 reduxit
1606 2436 1761 2476 aquas.

865 2493 978 2534 Cum
1001 2492 1176 2546 populis
1198 2492 1365 2546 periere
1387 2493 1560 2541 domus,
1585 2498 1861 2545 segetesque,
1886 2506 2129 2545 gregesque
2150 2508 2159 2534 z

924 2562 1043 2602 Rara
1065 2560 1186 2609 ratis,
1209 2561 1346 2602 statio
1369 2561 1492 2603 nulla
1514 2560 1669 2602 relicta
1691 2560 1776 2602 rati
1800 2566 1883 2602 est.

690 2904 842 2942 Wilson‚
859 2903 1012 2945 History‚
1032 2914 1063 2944 p.
1082 2905 1166 2944 285.)

2432 916 2486 956 30

2435 1606 2491 1647 40

2437 2296 2492 2339 50

806 2751 857 2781 40.
885 2740 1144 2780 Hammonius]
1184 2740 1294 2772 “The
1320 2741 1499 2782 Marquess
1522 2740 1701 2772 Hamilton
1729 2739 1807 2772 died
1830 2740 1944 2772 before
1964 2750 2025 2772 our
2051 2740 2161 2782 King:
2190 2740 2370 2781 suspected
2391 2746 2428 2772 to
2451 2741 2493 2773 be

1005 2795 1062 2826 the
1090 2801 1211 2827 matter
1235 2806 1306 2827 was
1329 2795 1479 2827 huddled
1507 2805 1563 2836 up,
1589 2795 1670 2835 only
1698 2795 1755 2827 Dr.
1788 2795 1975 2836 Eghsham,
1998 2805 2017 2826 a
2042 2795 2261 2832 Scotchman‚
2286 2804 2356 2826 was
2383 2805 2491 2827 some-

689 2849 788 2890 thing
813 2849 913 2880 bitter
938 2849 1072 2890 against
1096 2849 1154 2880 the
1180 2850 1276 2881 Duke
1301 2850 1354 2890 [of
1375 2850 1639 2891 Buckingham],
1660 2859 1697 2880 as
1720 2849 1748 2879 is
1767 2849 1809 2881 he
1833 2849 1900 2881 had
1924 2850 2008 2881 been
2033 2849 2091 2881 the
2115 2849 2236 2881 author
2257 2849 2297 2881 of
2315 2849 2374 2880 it.”

2419 2850 2490 2889 (Ar.
