2594 3749
697 329 749 371 62
1477 333 1717 366 PARERGA.

870 453 1022 507 Teque
1043 461 1183 507 rogat,
1207 452 1350 494 sancti
1373 466 1450 506 per
1470 465 1582 505 quae
1604 465 1759 493 suxere
1781 457 1987 505 parentes

932 523 1094 572 Ubera,
1119 535 1165 563 se
1187 522 1395 575 praedam
1419 534 1473 562 ne
1495 519 1665 574 patiare
1687 519 1796 574 rapi.
2409 529 2491 559 200

874 589 1048 640 Martis,
1071 589 1148 639 ait,
1173 594 1397 644 spectator
1418 589 1558 638 adest,
1582 586 1886 630 conterminus
1908 586 2008 629 Albi

931 657 1103 708 Hostis,
1127 664 1169 700 et
1193 656 1356 700 auxilio
1377 656 1525 699 forsan
1549 663 1787 710 utrumque
1809 655 1946 698 iuvat.

873 727 958 768 Sed
980 740 1145 776 vereor,
1169 740 1238 777 ne,
1263 725 1337 780 qui
1361 731 1547 780 spectat,
1572 739 1673 766 mox
1695 723 1892 779 praemia
1914 722 2056 774 tollat,

932 796 1143 850 Duraque
1165 809 1266 838 cum
1289 794 1406 836 victo
1429 795 1511 836 sub
1534 794 1636 849 iuga
1657 793 1798 836 victor
1817 800 1904 835 eat.

874 864 946 906 Sic
969 853 1036 906 leo
1058 864 1146 907 iam
1169 864 1300 918 longo
1321 863 1461 905 fessos
1484 862 1726 905 certamine
1747 869 1900 905 tauros

932 935 1146 988 Occupat,
1168 940 1210 975 et
1233 933 1374 976 diram
1398 933 1540 988 pascit
1563 939 1749 986 utroque
1770 933 1948 975 famem.

874 1004 965 1045 Vos
986 1004 1157 1058 opibus,
1180 1003 1359 1058 vitaque
1382 1002 1529 1054 simul,
1552 1017 1631 1045 vos
1651 1009 1781 1044 exuet
1804 1001 1891 1044 aris

932 1073 1129 1115 Barbara
1151 1087 1274 1127 gens,
1299 1087 1380 1115 nec
1402 1072 1476 1127 qui
1499 1086 1570 1114 me
1592 1071 1720 1120 colat,
1743 1070 1859 1113 ullus
1881 1070 1978 1113 erit.

874 1142 1108 1196 Virgineas
1130 1157 1218 1184 non
1240 1144 1350 1185 dura
1372 1157 1538 1197 preceS,
1562 1148 1605 1184 et
1627 1147 1731 1184 vota
1755 1142 1952 1183 Deorum

932 1211 1142 1266 Suscipe;
1175 1219 1219 1254 te
1241 1211 1364 1266 virgo
1386 1226 1488 1254 cum
1514 1212 1618 1253 Iove
1640 1210 1782 1265 poscit
1805 1225 1950 1265 opem.
2414 1223 2496 1253 210

876 1281 1012 1322 Parce
1035 1280 1131 1335 pias
1153 1280 1340 1322 nimium
1364 1286 1556 1335 cognato
1578 1279 1795 1334 sanguine
1816 1280 1995 1322 dextras

932 1349 1147 1400 Pollueoe,
1172 1349 1337 1392 ultores
1358 1349 1531 1392 laedere
1553 1363 1684 1403 parce
1707 1349 1838 1390 Deos.

874 1418 1093 1474 Quicquid
1116 1433 1238 1473 agaS,
1262 1425 1305 1461 te
1327 1425 1478 1461 noster
1498 1432 1638 1468 amor,
1661 1424 1706 1460 te
1727 1432 1833 1460 cura
1855 1424 2089 1472 sequetur3

930 1486 995 1529 Te
1018 1487 1111 1529 sine
1134 1486 1256 1529 nulla
1278 1487 1386 1529 mihi
1408 1486 1585 1541 gaudia,
1609 1486 1730 1529 nulla
1753 1485 1892 1540 quies.

873 1557 961 1598 Aut
984 1570 1065 1610 ego
1087 1563 1130 1598 te
1153 1556 1310 1611 potiar,
1335 1570 1434 1598 mea
1455 1555 1545 1606 lux,
1569 1570 1669 1598 mea
1692 1554 1785 1597 sola
1806 1554 2023 1610 voluptaS‚

931 1626 1018 1668 Aut
1042 1624 1204 1667 moriar
1224 1624 1325 1666 telis
1346 1623 1529 1667 victima
1549 1624 1668 1666 facta
1689 1623 1794 1666 tuis.

876 1694 941 1734 Ad
965 1694 1103 1748 Styga
1125 1693 1352 1736 deseendit
1375 1708 1454 1748 pro
1476 1693 1663 1748 coniuge
1685 1693 1906 1736 Thracius
1933 1694 2153 1748 Orpheus,

935 1762 1020 1803 Pro
1041 1768 1085 1804 te
1107 1776 1188 1815 ego
1211 1761 1330 1804 mille
1349 1761 1483 1804 velim
1509 1762 1628 1804 Ditis
1649 1762 1769 1805 adire
1791 1763 1956 1804 domos.

819 1930 891 1952 201.
917 1921 1023 1962 A1bi.]
1074 1921 1122 1954 As
1149 1922 1206 1953 the
1235 1922 1321 1954 Lion
1349 1922 1500 1955 watches
1525 1928 1561 1954 to
1587 1922 1704 1964 spring
1727 1932 1819 1964 upon
1845 1928 1914 1954 two
1938 1932 2051 1964 weary
2079 1922 2174 1954 Bulls
2199 1922 2274 1954 that
2300 1922 2386 1954 have
2413 1921 2498 1953 been

706 1975 861 2017 fighting,
879 1986 917 2008 so
941 1977 1035 2008 there
1059 1977 1087 2008 is
1110 1987 1152 2009 an
1179 1978 1311 2019 Enemy
1330 1977 1426 2019 lying
1448 1977 1481 2009 in
1497 1977 1588 2010 wait.
1636 1978 1669 2009 Is
1692 1978 1761 2010 this
1784 1977 1842 2010 the
1867 1977 1947 2010 Slav
1962 1988 1999 2010 or
2015 1978 2073 2010 the
2089 1977 2209 2010 Turk?
2258 1977 2426 2018 Probably
2442 1976 2500 2008 the

705 2030 809 2062 Turk.

821 2093 892 2115 210.
918 2084 984 2116 Ter
1000 2085 1123 2127 virgo]
1169 2085 1299 2117 Should
1316 2086 1478 2128 probably
1494 2086 1534 2118 be
1550 2086 1666 2128 Virgo,
1684 2086 1750 2124 ι’.ι·.,
1768 2086 1825 2118 the
1844 2086 2020 2118 Madonna
2032 2086 2065 2117 in
2079 2086 2187 2128 glory.
