2594 3749
642 352 867 385 APOLOGY
900 352 994 384 For<
1027 353 1259 385 DAULIUS.
1771 358 1853 400 247

229 470 395 512 Arbore
417 471 469 512 de
491 469 622 524 plena
644 469 711 511 fas
737 476 804 510 est
830 470 1064 523 decerpere
1086 484 1281 523 pomum,

287 538 460 580 Vellere
482 539 549 580 fas
572 538 758 593 spicam,
782 552 882 580 cum
906 544 1061 592 gravat
1084 553 1190 580 arva
1213 553 1354 593 seges.

231 609 299 649 De
321 607 618 650 Tartessiacis
639 621 813 657 aurum,
837 608 890 648 de
912 606 1121 648 fluctibus
1146 607 1270 648 Indis

287 678 407 718 Rara
429 682 587 730 potest,
609 675 731 717 nullo
753 674 952 724 crimine,
976 689 1155 729 gemma
1184 675 1280 729 legi.

229 746 323 787 Nec
345 751 466 787 vetat
491 744 721 799 Euganeis
743 743 980 798 quisquam
1004 744 1057 785 de
1081 743 1270 785 collibus
1293 759 1425 785 uvam

292 815 496 868 Carpere,
517 813 585 855 vel
611 813 760 855 Paesti
783 814 836 854 de
860 812 1039 867 regione
1062 827 1223 854 rosam.

230 883 316 924 Sed
340 883 456 925 male
481 883 539 924 Di
562 883 683 937 leges
707 883 909 936 perdant,
933 888 975 923 et
999 882 1140 923 ferrea
1163 882 1310 936 legum

286 951 489 1001 Vincula,
511 966 711 1006 quaeque
736 952 886 992 Meum
911 950 1006 993 iura
1028 950 1266 1005 Tuumque
1288 952 1462 992 docent.
1778 966 1857 993 100

231 1020 416 1062 Publica
437 1035 507 1062 res
529 1020 634 1062 olim
657 1020 739 1062 fuit
763 1020 920 1069 omnis,
942 1027 1095 1074 terque
1118 1020 1286 1069 beatos,

287 1090 413 1144 Quae
435 1104 535 1131 mea
556 1104 626 1131 res
649 1096 782 1139 esset,
808 1104 921 1143 quae
943 1096 1034 1137 tua,
1055 1089 1168 1143 fugit
1192 1104 1309 1131 avos.

231 1159 444 1201 Colchida
467 1173 568 1200 cum
592 1165 761 1213 peteret
785 1160 924 1213 pubes
947 1158 1123 1213 Argiva,
1146 1158 1244 1212 quis
1267 1165 1385 1200 esset

290 1228 517 1282 Phryxeae
540 1228 762 1278 dominus,
786 1243 918 1270 nemo
941 1227 1125 1282 rogavit,
1147 1228 1253 1269 ovis.

231 1297 367 1338 Exuit
393 1297 692 1352 Hesperidum
716 1297 860 1352 pomis
882 1297 1085 1338 felicibus
1107 1297 1286 1338 hortum

288 1366 430 1408 Filius
453 1367 707 1416 Alcmenae,
730 1366 1095 1420 magnanimique
1120 1366 1252 1407 Iovis.

232 1436 332 1476 Non
355 1442 507 1477 tamen
531 1436 726 1477 excussit
749 1435 947 1484 tetricus,
969 1435 1073 1490 quid
1097 1435 1141 1477 in
1165 1435 1240 1477 illa
1263 1435 1436 1489 puellae

287 1505 375 1546 Aut
398 1513 536 1559 pater,
559 1512 635 1546 aut
659 1512 847 1560 patruus
870 1505 976 1546 iuris
999 1506 1181 1547 haberet
1205 1505 1346 1546 Atlas,

229 1575 386 1623 Aurea,
412 1575 632 1616 Romuleo
655 1574 859 1628 quamvis
882 1574 1145 1628 prohibente
1170 1576 1354 1623 Senatu,

292 1644 480 1685 Munera
503 1643 637 1697 digna
659 1643 762 1698 peti,
785 1643 920 1697 digna
940 1643 1061 1685 fuere
1083 1642 1188 1698 rapi.
1781 1656 1860 1684 110

233 1713 378 1762 Nunc,
403 1714 538 1767 pudet
561 1713 660 1761 heu,
683 1727 783 1754 cum
811 1714 977 1767 praeda
998 1719 1144 1762 vocat,
1169 1712 1237 1754 ius
1261 1718 1364 1753 ante
1388 1710 1629 1766 Quiritum,

289 1781 634 1836 Consuliturque
656 1788 776 1832 tuus,
802 1781 1063 1830 Iustiniane,
1085 1781 1238 1836 tripus.

232 1853 375 1905 Saepe
398 1852 513 1905 quod
536 1858 662 1906 urget
686 1866 811 1893 amor
832 1853 1036 1906 praedae,
1061 1850 1284 1893 contraria
1308 1857 1411 1892 voto

291 1921 385 1961 Lex
406 1927 539 1968 vetat,
562 1927 604 1962 et
628 1921 697 1962 lex
719 1921 829 1962 haec
853 1922 969 1974 quod
992 1928 1127 1968 vetat,
1149 1920 1225 1962 illa
1248 1920 1381 1962 iubet.

232 1989 347 2045 Quid
369 1989 567 2040 iubeant,
592 1989 696 2044 quid
719 1990 815 2032 iura
837 1997 1001 2039 vetent,
1024 1991 1129 2032 dum
1154 1989 1392 2044 quaeritur,
1415 2003 1560 2030 annus

289 2058 489 2107 Labitur,
510 2066 553 2100 et
576 2060 767 2113 praedae
790 2074 979 2114 spesque
1001 2060 1231 2114 famesque
1258 2058 1382 2113 perit.

231 2129 446 2184 Quodque
469 2128 613 2182 magis
636 2128 858 2179 miserum,
883 2130 1003 2179 dum,
1027 2130 1143 2182 quod
1166 2127 1275 2178 sitit,
1300 2126 1480 2181 ungitur
1502 2141 1608 2168 auro

290 2197 438 2246 Curia,
459 2211 561 2239 cum
584 2199 749 2252 praeda
771 2213 840 2239 res
863 2205 941 2240 tua
965 2212 1097 2252 saepe
1120 2197 1244 2252 perit.

232 2266 429 2308 Transiit
453 2266 536 2308 has
558 2266 706 2321 legum
732 2267 868 2309 Dauli
893 2267 1090 2309 sollertia
1115 2268 1284 2322 SyrteS,

291 2337 384 2377 Nec
408 2350 493 2390 quo
516 2336 734 2390 quaesivit
757 2336 850 2378 iure
872 2343 1085 2391 parentur
1107 2350 1227 2391 opes.
1783 2345 1863 2373 120

234 2406 320 2447 Sed
343 2419 485 2459 neque
510 2404 742 2447 Dauliacis
765 2405 834 2447 ius
857 2412 899 2448 et
922 2406 989 2447 fas
1013 2405 1153 2447 abfuit
1178 2404 1312 2452 ausis,

290 2474 559 2517 Abramidae
583 2489 676 2523 nec,
698 2476 814 2529 quod
837 2475 930 2517 iure
953 2481 1211 2529 querantur,
1236 2474 1414 2516 habent.

235 2542 309 2585 Nil
333 2543 417 2584 nisi
439 2544 643 2585 fortunas
666 2543 885 2597 quaesivit
911 2543 1116 2593 Daulius‚
1138 2543 1199 2584 illi

291 2614 414 2668 Quas
436 2613 618 2656 inimica
640 2613 768 2656 bonis
790 2628 923 2657 caeca
946 2620 1130 2668 negarat
1158 2627 1285 2655 anus.

196 2737 249 2767 95.
274 2727 526 2768 Tartessiacis.]
571 2727 646 2759 The
664 2728 812 2770 Spanish
837 2727 992 2769 galleons
1013 2738 1102 2759 were
1122 2725 1280 2759 attacked
1296 2725 1441 2757 without
1457 2723 1590 2764 scruple
1607 2722 1650 2764 by
1669 2721 1781 2753 Drake
1798 2720 1865 2752 and

19 2797 21 2801 v
65 2781 120 2813 the
137 2782 300 2813 mariners
316 2782 356 2814 of
368 2782 539 2824 England.

180 2847 250 2877 107.
277 2838 316 2867 In
333 2836 420 2877 illa]
464 2836 527 2874 i.e.‚
546 2840 681 2878 “poma
695 2838 727 2869 '’.

180 2893 250 2922 108.
276 2889 400 2928 Atlas]
446 2891 692 2933 Mythologists
719 2892 895 2924 uncertain
919 2891 1071 2923 whether
1099 2891 1142 2922 he
1169 2900 1239 2922 was
1268 2890 1424 2931 “pater''
1453 2898 1489 2920 or
1519 2887 1721 2928 “patruus''
1747 2890 1783 2916 to
1809 2884 1867 2916 the

68 2945 283 2987 Hesperides.
329 2945 358 2986 (?
378 2947 400 2961 “
413 2945 562 2987 puellum
575 2947 593 2961 ''
611 2956 649 2978 as
666 2957 742 2988 gen.
764 2946 848 2987 plur.
865 2955 871 2984 ;
897 2950 916 2964 “
932 2945 1097 2987 puellae‚”
1114 2945 1231 2982 above,
1250 2944 1353 2985 being
1369 2941 1530 2984 strange.)
