2594 3749
723 300 801 329 102

1499 298 1740 330 PARERGA.

892 415 1062 456 Nudior
1084 415 1167 457 hoc
1190 429 1320 457 nemo
1343 429 1526 470 superas
1549 415 1680 457 exivit
1705 415 1747 457 in
1771 431 1917 466 au1·aS‚

950 483 1120 525 Nudior
1142 483 1224 525 hoc
1248 484 1427 539 Stygias
1449 498 1580 526 nemo
1603 483 1765 527 subivit
1788 499 1943 538 aquas.

891 551 1097 593 Forsitan
1122 559 1348 594 auctorem
1373 553 1563 607 quaeris.
1628 554 1722 595 Nec
1745 553 1942 595 criminis
1965 561 2133 604 auctor,

948 621 1097 663 Causa
1119 635 1199 663 nec
1223 628 1289 663 est
1312 621 1425 663 tanti
1448 621 1771 664 dissimulanda
1794 621 1913 663 mali.

890 688 1086 731 Vulnera
1108 690 1340 731 denudans
1363 690 1583 732 medicum
1607 691 1712 732 dum
1736 690 1926 732 consulit
1951 705 2095 745 aeger,

947 760 1046 814 Quo
1069 758 1226 809 iaculo,
1251 774 1338 814 quo
1361 759 1417 801 sit
1439 759 1587 801 laesus
1610 761 1665 801 ab
1688 760 1830 810 hoste,
1854 760 1999 802 refert.

890 828 1000 869 Orta
1022 827 1116 869 solo
1137 842 1246 882 gens
1270 835 1351 878 est,
1375 828 1513 870 vitam
1537 843 1650 882 quae
1673 828 1791 883 degit
1815 829 1858 870 in
1883 829 2027 879 undis,

948 897 1007 938 Et
1031 896 1141 951 regit
1165 903 1363 938 errantes
1386 911 1462 951 per
1483 898 1596 938 vada
1619 912 1752 939 caeca
1774 904 1907 939 rates.

891 964 970 1006 Pix
993 965 1101 1019 tegit
1125 972 1221 1006 atra
1243 980 1395 1019 genas,
1421 965 1627 1007 manibus
1650 965 1721 1020 pix
1744 966 1896 1008 haeret
1920 966 2120 1016 aduncis,

949 1035 1075 1088 Quod
1098 1033 1316 1087 reliquum
1339 1040 1405 1075 est
1428 1033 1541 1075 celat
1566 1033 1904 1076 bardocucullus
1927 1034 2065 1076 olens.

890 1103 1010 1143 Dum
1035 1102 1152 1144 subit
1176 1109 1410 1152 antennas,
1435 1102 1651 1156 funesque
1674 1102 1952 1156 perambulat
1976 1104 2135 1153 audam

946 1171 1364 1226 Cercopithecorum
1388 1172 1441 1213 de
1463 1186 1594 1225 grege
1618 1178 1818 1214 monstra
1840 1179 1984 1226 putes.

887 1240 1013 1281 Aeris
1035 1254 1184 1294 egenS,
1209 1240 1382 1282 animas
1404 1254 1513 1295 gens
1536 1240 1809 1282 mercenaria
1835 1240 1942 1282 viles

948 1308 1157 1363 Prodigit,
1182 1308 1224 1349 in
1248 1308 1404 1363 pelago
1427 1309 1508 1350 sub
1534 1310 1638 1350 Iove
1661 1323 1836 1363 semper
1857 1323 2008 1363 agens.

888 1378 1086 1418 Barbara
1109 1391 1217 1432 gens
1240 1383 1334 1418 tota
1357 1383 1438 1426 est,
1464 1383 1521 1426 et,
1547 1391 1678 1431 quem
1702 1376 1821 1427 colit,
1846 1377 2022 1420 aemula
2044 1378 2182 1432 ponti,

945 1447 1038 1487 Nec
1062 1445 1204 1501 magis
1227 1446 1336 1488 haec
1359 1452 1520 1496 servat,
1545 1460 1678 1499 quam
1701 1446 1837 1488 maris
1860 1448 1978 1489 unda
1996 1447 2143 1489 fidem.

889 1516 1015 1557 Haec
1039 1515 1145 1557 mihi
1169 1530 1305 1557 causa
1328 1515 1432 1557 mali
1456 1522 1537 1565 est,
1563 1515 1647 1557 hac
1671 1522 1737 1557 est
1760 1517 1813 1558 de
1835 1523 1967 1571 gente
1990 1516 2182 1570 querela,

945 1586 1071 1627 Haec
1094 1591 1196 1628 ovat
1219 1584 1401 1634 exuviis,
1426 1584 1535 1639 proh
1558 1585 1711 1638 pudor,
1737 1590 1868 1627 aucta
1891 1585 2016 1626 meis.

889 1655 1007 1696 Huic
1031 1669 1111 1709 ego
1134 1654 1350 1704 commisi,
1375 1654 1587 1696 Tamesin
1610 1653 1801 1705 visurus,
1826 1654 2017 1697 amictus

946 1723 1165 1779 Quicquid
1192 1730 1284 1766 erat
1312 1723 1454 1774 nobis,
1479 1722 1758 1777 imposuique
1780 1723 1878 1765 rati.

888 1792 960 1834 Nil
984 1807 1064 1847 ego
1088 1792 1368 1847 naufragium
1392 1799 1567 1847 praeter
1587 1792 1837 1845 fluctusque
1859 1791 2089 1842 timebam,

945 1863 1031 1903 Sed
1055 1861 1201 1911 nimis,
1226 1862 1282 1903 ah
1305 1862 1459 1911 fateor,
1485 1875 1611 1902 mens
1634 1860 1741 1902 mihi
1764 1860 1891 1903 laeva
1912 1861 2008 1902 fuit.

888 1932 977 1972 Res
1000 1930 1094 1972 sine
1117 1930 1362 1985 naufragio,
1387 1929 1482 1972 sine
1504 1929 1846 1984 tempestatibus
1869 1929 1969 1971 ullis

945 2000 1029 2040 Pro
1052 1999 1188 2048 dolor,
1213 1999 1256 2040 in
1281 2005 1409 2053 portu
1433 1998 1670 2053 disperiere
1693 2013 1833 2040 meae.

888 2071 989 2124 Ipse
1011 2070 1119 2112 ratis
1142 2069 1363 2119 dominus,
1387 2069 1454 2110 fas
1477 2069 1533 2110 sit
1557 2068 1664 2110 mihi
1687 2083 1791 2111 vera
1812 2068 1966 2110 fateri:

945 2139 1102 2181 Iniecit
1126 2140 1274 2194 piceas
1297 2139 1339 2180 in
1364 2140 1480 2181 bona
1502 2146 1655 2180 nostra
1678 2153 1852 2180 manus.

887 2208 1049 2250 Nescio
1073 2222 1158 2262 quo
1182 2214 1377 2249 mentem
1401 2207 1582 2248 mutarit
1607 2206 1802 2248 carmine
1826 2206 2019 2257 Colchis,

943 2278 1057 2319 Cum
1082 2276 1188 2318 mihi
1213 2277 1346 2331 digna
1369 2276 1454 2317 fide
1476 2276 1574 2317 faex
1597 2289 1718 2317 mera
1740 2275 1835 2317 visa
1856 2275 1953 2317 fuit.

885 2345 1126 2387 Semiferae
1148 2351 1349 2399 poteram
1373 2359 1517 2386 mores
1540 2351 1608 2386 sat
1632 2359 1813 2386 noscere
1835 2344 1995 2399 gentis,

944 2415 1028 2470 Qui
1051 2415 1183 2457 toties
1206 2429 1295 2456 una
1317 2429 1393 2468 per
1416 2428 1536 2456 mare
1558 2413 1655 2455 vela
1678 2413 1792 2455 dedi.

884 2483 1000 2526 Tota
1023 2484 1164 2538 picem
1189 2483 1369 2533 redolet,
1394 2483 1488 2538 pice
1512 2490 1606 2524 tota
1629 2483 1830 2537 rapacior
1850 2482 1970 2524 omni
1994 2489 2075 2532 est,

944 2555 1038 2595 Nec
1060 2553 1203 2608 magis
1225 2560 1292 2595 est
1312 2552 1463 2601 vestis,
1489 2567 1621 2607 quam
1646 2552 1821 2607 piceata
1844 2567 2019 2594 manus.

887 2623 1013 2665 Invia
1035 2623 1109 2677 qui
1132 2623 1301 2678 primus
1324 2622 1503 2664 deduxit
1527 2622 1570 2663 in
1595 2636 1788 2676 aequora
1811 2621 1980 2676 pinum,

944 2693 1181 2747 Primaque
1203 2692 1411 2734 tractavit
1435 2693 1635 2742 carbasa,
1660 2692 1822 2746 praedo
1844 2691 1941 2733 fuit.

885 2762 1060 2804 Vellera
1082 2762 1271 2804 detraxit
1295 2761 1451 2816 pecudi
1475 2775 1588 2814 quae
1610 2767 1787 2803 vexerat
1818 2760 1994 2810 Hellen,

942 2831 1016 2873 Nil
1040 2846 1175 2881 mare,
1200 2831 1260 2873 nil
1283 2839 1453 2881 ventos,
1479 2831 1538 2872 nil
1565 2831 1682 2872 Iovis
1705 2845 1829 2873 arma
1851 2830 2029 2872 timens.

886 2902 1036 2955 thue
1060 2901 1183 2943 nefas
1206 2907 1371 2956 pateat,
1396 2899 1519 2943 caelo
1541 2915 1641 2942 cum
1666 2915 1811 2955 puppe
1838 2906 2015 2953 recepta
2041 2906 2107 2940 est

2462 911 2517 951 30

2462 1600 2516 1641 40

2460 2287 2514 2328 50
