2594 3749
574 292 837 323 NEW-YEAR
868 291 1125 323 GREETING
1157 291 1220 322 TO
1251 291 1402 332 JAMEs·
1436 291 1462 322 Ι.
1867 295 1920 336 99

353 411 581 462 Pomaque
606 408 860 450 Phaeacum
885 406 1021 448 mittit
1043 407 1086 448 in
1111 422 1230 456 arva,
1255 407 1373 448 furit.

291 480 524 534 Quemque
547 483 694 519 movet
716 476 859 518 fastus
885 475 1040 517 Pariae
1063 476 1167 517 dare
1190 490 1413 516 marmora
1435 475 1546 529 rupi,

350 545 456 587 Plus
482 545 571 595 illo,
596 559 709 599 quae
731 546 807 586 dat
831 558 1067 593 marmora,
1092 543 1256 585 mentis
1282 543 1463 584 habent.

293 616 429 657 Haud
452 629 581 656 secus
603 613 647 655 in
673 615 842 668 Regem
866 611 1054 667 populus
1073 613 1178 653 dum
1203 611 1392 666 prodigit
1416 626 1588 661 aurum,

353 684 543 738 Desipit,
568 690 610 726 et
635 683 853 725 medicam
877 696 1087 737 quaerere
1109 683 1239 724 debet
1263 696 1407 736 opem.

292 755 380 796 Aut
404 753 486 795 sibi
509 753 545 795 si
567 759 758 802 constat,
783 766 864 794 nec
886 766 1015 806 opem
1038 765 1166 793 mens
1188 750 1384 805 postulat
1408 750 1560 800 ullam,

350 823 529 866 Crimen
552 822 667 864 inest
689 822 822 872 facto,
848 821 1195 874 muneribusque
1217 820 1360 862 dolus.
1872 832 1926 872 30

295 892 368 935 Sic
391 892 522 934 struit
545 891 729 934 insidias
750 890 901 933 vitreis
928 890 1123 945 piscator
1144 890 1186 931 in
1212 889 1356 939 undis,

351 962 528 1017 Spargit
552 968 594 1003 et
618 968 814 1003 armatas
837 975 914 1015 per
935 960 1032 1002 loca
1055 975 1189 1002 caeca
1211 960 1362 1014 dapes.

295 1031 378 1073 Vel
397 1031 519 1073 iecur
541 1030 730 1080 alburni,
755 1029 823 1072 vel
847 1029 1009 1071 olentis
1031 1029 1201 1071 viscera
1223 1028 1375 1070 rhaiae

352 1099 555 1154 porrigit,
580 1106 628 1141 ut
647 1099 837 1141 stultum
865 1105 995 1153 cogat
1019 1098 1062 1139 in
1087 1112 1190 1140 aera
1213 1112 1363 1152 pecuS.

294 1171 437 1224 Saepe
459 1170 563 1224 lupo
586 1184 742 1211 ranam
766 1175 926 1219 mutat,
951 1168 1171 1210 conchilia
1194 1167 1358 1217 mullis,

352 1240 412 1280 Et
434 1239 558 1281 tenui
581 1239 810 1281 scombros
832 1239 992 1280 ducere
1015 1237 1136 1279 novit
1160 1252 1254 1279 aco.

294 1309 528 1364 Quemque
550 1308 687 1349 redux
709 1307 901 1361 primum
926 1306 1083 1348 Latias
1111 1307 1305 1360 Optatus
1328 1305 1371 1346 in
1396 1305 1539 1346 undas

354 1377 528 1427 Intulit,
553 1376 597 1418 in
619 1378 830 1431 praedam
853 1382 911 1426 te,
937 1390 1074 1425 scare‚
1099 1390 1254 1417 musca
1276 1374 1428 1416 trahit.

295 1448 414 1502 Quot
436 1446 516 1488 tibi
539 1447 614 1488 lux
638 1446 734 1488 Iani
758 1460 876 1487 nunc
900 1445 1036 1487 mittit
1059 1446 1190 1494 dona,
1214 1451 1279 1486 tot
1302 1444 1474 1494 hamos,

351 1516 453 1566 Tot,
479 1515 705 1570 Princeps,
730 1515 774 1556 in
797 1521 840 1557 te
863 1514 974 1556 retia
996 1521 1124 1556 tensa
1146 1514 1283 1555 vides.
1877 1523 1931 1563 40

298 1586 429 1628 Dona
451 1585 576 1640 petit,
601 1585 675 1639 qui
702 1586 793 1634 dat,
817 1584 1007 1626 vitulum
1035 1583 1108 1638 qui
1136 1582 1319 1632 miserit,
1345 1582 1469 1624 ill'um

355 1656 495 1698 Crede
518 1654 626 1696 mihi
650 1669 802 1696 seeum
826 1653 984 1703 dicere,
1012 1653 1165 1694 Redde
1188 1653 1361 1694 bovem.

295 1723 422 1766 Absit
445 1730 493 1765 ut
516 1723 599 1765 hoc
622 1737 819 1776 unquam
845 1723 1087 1763 Ionstonus
1109 1720 1292 1763 crimine
1316 1726 1511 1762 mentem

358 1793 552 1843 polluat,
577 1799 654 1835 aut
677 1792 769 1834 ulla
792 1792 915 1834 ludat
941 1798 988 1833 ut
1012 1797 1106 1833 arte
1130 1791 1266 1832 Deos.

298 1861 520 1918 Quicquid
543 1861 639 1916 opis
662 1861 825 1903 nostris
848 1860 953 1902 olim
978 1859 1235 1915 promittere
1258 1857 1401 1900 Musis

355 1930 422 1974 Te
445 1931 642 1982 memini,
667 1931 750 1973 hoc
775 1945 800 1973 a
821 1937 865 1973 te
889 1936 1046 1985 sponte
1067 1929 1216 1971 venire
1238 1928 1387 1971 velim.

242 2079 293 2110 25.
319 2070 523 2109 Marmora]
568 2069 643 2100 The
660 2068 758 2100 order
775 2067 803 2100 is
823 2069 842 2085 “
858 2077 1037 2104 marmora,
1055 2077 1141 2108 quae
1160 2066 1228 2103 dat,
1247 2065 1375 2096 habent
1392 2064 1468 2106 plus
1484 2063 1609 2096 mentis
1626 2063 1726 2095 illo'’.

240 2134 292 2164 31.
318 2124 496 2163 Piscator.]
544 2123 629 2155 This
647 2133 793 2164 passage
810 2123 838 2154 is
855 2122 1088 2163 premonitory
1104 2121 1143 2153 of
1161 2120 1214 2152 his
1238 2119 1433 2161 piscatorial
1459 2129 1558 2160 poem
1585 2118 1666 2160 (No.
1685 2117 1843 2156 XXIII.),
1862 2115 1929 2147 and

129 2189 268 2211 savours
285 2179 325 2211 of
345 2179 403 2210 the
419 2179 512 2210 close
529 2178 631 2219 study
647 2179 686 2210 of
706 2178 909 2209 Ausonius’s
926 2187 1026 2219 poem
1043 2187 1088 2208 on
1106 2176 1163 2208 the
1182 2175 1338 2207 Moselle.

241 2243 294 2273 33.
320 2233 489 2274 Alburni.]
534 2233 564 2264 A
581 2233 663 2264 kind
679 2233 719 2264 of
732 2232 834 2264 white
851 2231 926 2264 fish.

241 2289 293 2327 36.
319 2288 421 2328 Aco.]
465 2288 495 2318 A
512 2287 593 2319 kind
610 2287 649 2318 of
662 2287 754 2318 Pike.

242 2353 295 2384 37.
320 2343 493 2384 Optatus]
540 2343 580 2373 In
608 2342 666 2374 the
693 2341 788 2383 reign
813 2342 853 2373 of
876 2341 1051 2377 Claudius,
1078 2339 1263 2380 according
1290 2344 1326 2370 to
1354 2338 1411 2369 the
1440 2336 1540 2368 Elder
1571 2336 1677 2376 Pliny,
1711 2336 1868 2376 Optatus,
1895 2343 1932 2365 as

131 2399 150 2413 ‘⁴
167 2397 361 2429 Praefectus
377 2397 532 2433 classis,”
556 2407 627 2428 was
645 2406 687 2428 an
706 2396 879 2436 authority
896 2395 929 2426 in
947 2395 1175 2436 pisciculture‚
1193 2393 1260 2425 and
1280 2392 1428 2433 brought
1444 2390 1531 2422 scari
1548 2401 1584 2423 or
1601 2395 1620 2407 “
1635 2390 1715 2422 char
1730 2391 1747 2403 ''
1773 2389 1859 2420 from
1875 2387 1934 2418 the

131 2452 337 2494 Carpathian
357 2454 423 2484 Sea
440 2458 475 2484 to
492 2452 550 2484 the
570 2458 684 2484 coasts
701 2452 740 2484 of
753 2451 902 2484 Latium.
