2594 3749
379 310 442 342 TO
468 308 689 340 WILLIAM
722 308 1046 349 ALEXANDER,
1081 308 1210 339 EARL
1241 308 1302 340 OF
1335 309 1583 343 STIRLING.
1803 316 1881 344 221

86 873 274 914 XXXV.
322 871 405 911 AD
450 869 825 912 ILLUSTREM
872 870 928 910 D.
974 869 1374 912 GULIELMUM
1419 871 1886 922 ALEXANDRUM,

257 953 487 993 STERLINI
538 951 780 1000 CoixssTEM,
832 950 1177 991 VICEcomTEM
1231 962 1294 992 DE
1344 951 1551 1001 CANADA,
1604 963 1662 993 ET
1713 953 1888 994 SECRE-

254 1043 437 1074 TARIUM
483 1032 697 1072 REGIUM.

255 1169 429 1218 Tristis,
451 1169 753 1211 Alexandrum
778 1183 891 1222 quae
915 1168 1107 1224 primum
1131 1169 1264 1211 traxit
1289 1169 1332 1210 in
1356 1169 1521 1219 aulam,

315 1240 415 1280 Lux
438 1245 547 1288 erat,
571 1238 792 1279 infaustos
815 1238 930 1279 inter
952 1238 1157 1280 habenda
1179 1238 1289 1280 dies.

257 1308 389 1358 Tum,
413 1308 688 1361 ferrugineae
716 1322 911 1349 mersum
940 1307 1144 1362 caliginis
1172 1309 1328 1350 umbra

316 1377 588 1419 Crediderim
616 1377 781 1418 Phoebi
804 1377 1033 1418 delituisse
1056 1377 1197 1419 iubar.

257 1446 543 1495 Crediderim,
568 1446 735 1487 Phoebi
759 1446 960 1496 comites,
985 1446 1151 1500 fugisse
1174 1446 1345 1500 puellas

317 1515 437 1557 Hinc
461 1515 626 1570 procul,
647 1521 690 1556 et
713 1516 878 1557 fractas
905 1515 1155 1557 deseruisse
1178 1516 1311 1570 lyras.

257 1585 437 1628 Scilicet
461 1585 545 1626 hac
569 1591 722 1625 vatum
748 1584 955 1639 princeps
978 1591 1020 1626 et
1043 1584 1182 1639 gloria
1208 1585 1386 1626 Phoebo

314 1656 556 1696 Aeternum
581 1653 690 1696 dixit
714 1654 1064 1708 Virginibusque
1088 1655 1215 1696 Vale.

258 1724 399 1778 Regia
422 1723 620 1765 divinum
647 1723 879 1778 suspendit
903 1725 957 1765 ad
981 1723 1094 1765 atria
1115 1723 1349 1778 plectrum,

316 1794 410 1836 Nec
433 1793 514 1834 fuit
538 1807 590 1834 ex
613 1793 688 1834 illo
710 1799 910 1848 ternpore
933 1800 1055 1835 tacta
1078 1793 1241 1848 chelys.
1839 1806 1890 1834 10

257 1863 370 1905 Cum
394 1862 609 1904 Tamesin
632 1861 825 1916 primum
848 1861 957 1904 vidit
983 1863 1267 1904 Menstraeus
1290 1868 1332 1904 et
1356 1862 1522 1913 aulam,

317 1934 498 1975 Secreta
523 1932 706 1974 Domini
730 1931 874 1987 coepit
898 1939 940 1974 et
964 1947 1070 1974 aure
1093 1932 1204 1974 frui:

258 2002 551 2056 Longinquos
573 2001 747 2043 utinam
771 2001 985 2055 profugus
1006 2008 1114 2043 tunc
1138 2001 1246 2043 isset
1270 2001 1314 2042 in
1337 2016 1450 2050 oras,

317 2070 559 2112 Barbariae
583 2085 696 2124 quae
719 2070 818 2124 plus
841 2077 883 2112 et
906 2070 1098 2112 feritatis
1120 2070 1301 2112 habent.

260 2142 343 2183 Est
366 2141 491 2182 locus
513 2140 584 2182 hic
609 2140 769 2182 Musis.
833 2140 1033 2195 Scythici
1056 2141 1138 2182 sub
1161 2140 1339 2182 cardine
1363 2139 1472 2181 caeli

317 2209 568 2252 Castalium
593 2210 718 2251 Naso
741 2208 997 2251 sollicitavit
1020 2210 1141 2251 ebur.

260 2279 460 2321 Barbara
484 2278 541 2320 sit
567 2279 785 2333 Rhodope
809 2278 1025 2332 quamvis,
1048 2285 1090 2320 et
1114 2277 1342 2333 inhospita
1363 2277 1550 2326 Thrace,

318 2350 418 2390 Hae
440 2355 593 2390 tamen
617 2348 797 2403 Orphea
819 2362 1087 2403 personuere
1111 2348 1220 2403 lyra.

261 2418 365 2461 Una
390 2417 633 2459 Philetaeis
655 2417 837 2459 inimica
859 2417 1085 2459 sororibus
1108 2417 1210 2459 aula
1233 2423 1299 2458 est
1319 2432 1327 2458 :

318 2486 483 2528 Nescio
508 2501 595 2540 quo
618 2493 791 2528 mentes
812 2486 1005 2528 fascinat
1028 2485 1104 2528 illa
1127 2487 1274 2527 modo.
1838 2497 1892 2526 20

261 2555 385 2597 Mille
406 2555 633 2597 veneficiis
656 2562 864 2597 excantat
887 2555 1008 2609 regia
1029 2561 1156 2597 vates

320 2625 544 2678 Improba,
570 2624 802 2667 Circaeam
826 2624 989 2666 dixeris
1011 2638 1108 2666 esse
1131 2625 1329 2666 domum.

223 2760 254 2791 7.
280 2749 418 2781 Scilicet
433 2750 527 2790 hac.]
572 2749 637 2787 i.e.,
656 2750 752 2781 “hac
769 2750 844 2781 luce
857 2751 876 2764 ’'
902 2749 954 2792 (of
966 2749 1023 2781 the
1040 2749 1188 2781 luckless
1205 2748 1297 2790 day).

205 2814 254 2844 19.
281 2804 491 2845 Philetaeis]
508 2819 536 2831 =
554 2804 705 2846 Elegiae.
756 2804 908 2836 Philetas
933 2805 973 2836 of
993 2805 1060 2836 Cos
1085 2804 1156 2844 (the
1181 2803 1292 2834 island
1317 2803 1389 2834 also
1417 2803 1456 2834 of
1485 2802 1726 2843 Hippocrates,
1755 2801 1823 2833 and
1854 2811 1892 2832 so

89 2857 213 2899 doubly
229 2858 431 2899 interesting
447 2864 483 2889 to
498 2859 667 2899 Johnston
685 2869 723 2889 as
740 2869 760 2890 a
776 2858 1007 2900 muse-loving
1019 2858 1212 2899 physician)
1224 2867 1295 2888 was
1308 2858 1365 2889 the
1380 2857 1518 2897 Elegiae
1533 2863 1611 2897 poet
1628 2857 1667 2887 of
1679 2857 1808 2887 Greece
1819 2855 1893 2886 that

90 2911 278 2944 influenced
293 2919 383 2944 most
399 2913 456 2944 the
475 2914 607 2944 Roman
625 2919 734 2954 poetS,
752 2913 830 2945 who
847 2912 948 2954 again
965 2913 1072 2945 threw
1089 2912 1147 2944 the
1165 2912 1306 2954 Elegiae
1323 2911 1407 2953 spell
1425 2921 1504 2942 over
1520 2910 1704 2952 Johnston.
