2594 3749
514 338 714 370 EPISTLE
745 338 809 370 TO
842 337 994 369 DAVID
1026 337 1395 371 WEDDERBURN.
1775 342 1850 384 191

228 458 358 499 Nunc
381 455 555 498 animos
577 455 705 510 rigidi
729 456 960 497 sumebam
985 469 1106 497 more
1130 454 1347 510 magistri,

284 526 343 566 Et
367 524 644 578 castigabam
667 538 774 571 ,voce
798 522 984 565 subinde
1007 537 1169 565 moras.

228 594 364 635 Haud
388 593 518 634 aliter
540 592 649 642 nati,
674 606 890 647 generoso
915 591 1145 633 Daedalus
1167 606 1295 641 ausu,

285 663 418 704 Astra
441 675 531 716 per,
556 667 599 703 et
623 660 735 703 caeli
757 660 925 710 nubila,
949 659 1061 702 rexit
1084 659 1181 702 iter.

228 731 314 772 Sed
338 744 438 771 mea
463 729 692 772 Daedaleo
715 728 838 784 peior
859 743 955 771 sors
977 728 1180 783 improba
1202 728 1309 779 fato,

287 798 431 840 Icaria
454 798 600 853 potior
622 812 717 840 sors
738 804 816 840 tua
840 804 958 840 sorte
979 797 1076 839 fuit.

230 869 281 909 In
306 867 389 909 sibi
414 867 642 921 quaesitas
665 866 916 921 penetravit
942 866 1170 909 Daedalus
1193 881 1308 917 oras,

289 938 362 979 Me
386 937 503 992 iuga,
528 951 642 992 quae
666 936 788 991 petii,
815 937 1023 979 Phoebus
1046 937 1166 979 adire
1189 943 1326 978 vetat.
1808 952 1861 990 30

233 1007 387 1048 Icarus
410 1006 600 1048 haustus
622 1020 739 1061 aqua
761 1012 856 1055 est3
889 1013 953 1056 tu,
978 1021 1092 1060 quae
1117 1020 1187 1047 me
1210 1020 1324 1060 pone
1348 1006 1547 1060 petebas,

290 1075 460 1117 Montis
482 1074 703 1130 Apollinei
727 1075 923 1117 culmina
946 1089 1124 1117 summa
1145 1081 1287 1117 tenes.

233 1143 407 1185 Nobilis
430 1143 595 1198 ingenii
618 1150 773 1198 raptus
795 1143 998 1186 felicibus
1021 1143 1119 1194 alis,

290 1212 483 1266 Liquisti
507 1219 703 1254 veterem
729 1219 829 1267 post
853 1219 931 1255 tua
954 1219 1079 1267 terga
1102 1214 1276 1254 ducem.

0 1292 3 1343 Q
234 1281 306 1324 Sic
332 1282 473 1331 Maro,
498 1281 561 1324 sic
586 1282 790 1331 Flaccus,
816 1281 878 1323 sic
903 1281 1009 1323 vicit
1034 1282 1158 1324 Naso
1181 1281 1461 1336 magistrum,

0 1349 4 1407 ἰ
292 1350 468 1406 Quique
491 1350 611 1392 canit
637 1350 774 1393 Graio
798 1351 1018 1405 Pergama
1041 1358 1174 1405 capta
1197 1351 1312 1392 dolo.

2 1411 5 1418 ³
237 1419 323 1462 Hic
352 1434 526 1474 quoque
550 1419 623 1474 qui
647 1434 812 1475 magno
839 1421 1041 1461 dextram
1067 1419 1275 1462 formavit
1303 1419 1462 1474 Apelli,

292 1488 452 1530 Victus
474 1489 659 1544 Apellea
682 1488 876 1531 creditur
901 1488 995 1543 ipse
1023 1502 1175 1530 manu.

236 1558 395 1601 Clarus
419 1564 530 1607 erat,
556 1557 759 1612 quisquis
782 1557 932 1600 docuit
957 1572 1077 1599 mare
1101 1558 1267 1599 findere
1291 1556 1485 1613 Tiphyn,

295 1628 353 1668 Et
376 1641 553 1668 versare
577 1627 697 1669 leves
718 1627 1051 1669 Automedonta
1074 1633 1210 1669 rotas.
1816 1642 1870 1681 40

238 1695 402 1738 Debita
426 1697 502 1737 sed
525 1703 763 1750 postquam
787 1695 909 1738 venit
931 1694 1152 1738 tironibus
1175 1702 1316 1746 aetas,

15 1766 17 1814 l
297 1764 531 1819 Discipulo
555 1764 701 1806 minor
723 1771 790 1807 est
813 1765 959 1807 factus
983 1771 1171 1819 uterque
1195 1780 1289 1806 suo.

17 1854 19 1864 ¹
239 1835 341 1876 Non
363 1840 516 1875 tamen
539 1833 780 1888 impatiens
802 1833 967 1875 indulsi
992 1833 1195 1876 tristibus
1217 1833 1309 1883 iris,

17 1870 24 2027 k
297 1904 391 1945 Nec
415 1902 524 1944 mihi
547 1910 591 1945 te
614 1902 734 1945 dolui
758 1902 1055 1958 praeripuisse
1085 1903 1235 1945 decus.

239 1972 381 2022 Absit,
407 1979 454 2014 ut
478 1971 673 2014 invideat
697 1971 869 2014 iuvenis
894 1972 1125 2014 Phocaeus
1149 1971 1313 2021 Oresti,

23 2029 28 2138 N
298 2041 588 2092 Peirithoum,
613 2040 807 2092 Theseu,
832 2041 900 2084 vel
923 2048 1028 2083 tuus
1051 2048 1149 2083 urat
1174 2042 1330 2083 honos.

241 2110 381 2160 Absit,
407 2116 454 2151 ut
480 2109 665 2165 Euryali
689 2111 820 2152 rebus
844 2118 1092 2152 macrescat
1116 2110 1276 2165 opimis

301 2178 452 2229 Nisus,
477 2185 519 2220 et
542 2179 768 2221 offendant
793 2180 982 2222 Castora
1003 2178 1152 2220 fratris
1175 2193 1296 2233 opes.

30 2242 33 2297 ¹.
243 2248 378 2290 Livor
400 2248 517 2289 iners
539 2247 701 2289 animis
724 2262 812 2289 non
836 2255 901 2289 est
926 2247 1194 2290 caelestibus
1218 2255 1349 2302 aptus
1368 2263 1376 2297 ;

31 2301 34 2320 ι
301 2318 395 2358 Nec
418 2317 499 2359 fuit
523 2317 606 2358 hae
630 2324 782 2358 noster
803 2317 902 2359 labe
926 2324 1107 2358 notatus
1131 2330 1270 2358 amor.
1821 2331 1874 2370 50

246 2387 394 2436 Hunc,
420 2386 571 2440 procul
597 2385 754 2436 Idalio,
778 2385 943 2427 teneris
966 2385 1009 2427 in
1034 2385 1259 2427 mentibus
1283 2384 1375 2439 ipse

300 2454 514 2497 Accendit
538 2454 672 2497 radiis
697 2455 905 2497 Phoebus
928 2455 1087 2509 Apollo
1110 2454 1217 2496 suis.

246 2525 346 2565 Non
370 2524 522 2578 procul
545 2523 649 2566 hinc
673 2538 800 2565 mons
824 2531 906 2574 est,
932 2524 1072 2566 fessos
1096 2538 1227 2577 quem
1252 2537 1364 2577 ponc
1388 2522 1558 2577 iugales

39 2542 47 2716 ἱ
303 2593 443 2636 Solvit
467 2593 510 2635 in
536 2593 757 2648 Hesperia
781 2594 990 2636 Phoebus
1013 2593 1201 2635 anhelus
1224 2607 1355 2647 aqua.

17 2657 23 2663 “
246 2661 413 2705 Tectus
436 2669 530 2704 erat
553 2663 778 2717 quondam
803 2662 940 2712 silvis,
965 2676 1083 2704 nunc
1105 2669 1281 2716 praeter
1303 2660 1445 2703 ericae

189 2789 240 2827 36.
266 2788 398 2829 Quique
414 2787 534 2828 canit]
579 2789 671 2820 Who
689 2788 716 2819 is
732 2788 800 2820 this
816 2789 828 2820 ?
877 2790 996 2820 Seems
1013 2794 1151 2829 strange
1169 2788 1253 2819 after
1268 2788 1366 2819 Maro
1384 2786 1417 2818 in
1434 2786 1591 2828 previous
1608 2786 1687 2818 line.

190 2851 241 2882 37.
268 2843 429 2874 Dextram
447 2843 632 2883 formavit]
679 2843 847 2884 Probably
873 2843 1071 2884 Pamphilus
1095 2843 1135 2873 of
1154 2841 1371 2884 Amphipolis
1395 2841 1594 2882 (Sicyonian
1620 2841 1749 2879 school,
1773 2841 1878 2874 under

79 2895 189 2927 whom
205 2897 341 2938 Apelles
358 2897 517 2938 studied).

191 2961 242 2991 53.
269 2952 398 2993 Mons]
444 2953 613 2994 Probably
630 2952 682 2984 his
699 2953 813 2985 native
831 2956 850 2970 ‘⁴
865 2952 1074 2990 Benachie,”
1093 2952 1125 2983 in
1144 2952 1200 2983 the
1217 2952 1312 2983 heart
1329 2952 1367 2983 of
1380 2950 1658 2984 Aberdeenshire.
