2594 3749
593 336 674 389 306
1376 342 1615 375 PARERGA.

765 460 942 503 Tullius
965 460 1132 515 Arpino
1157 461 1411 502 Romanam
1435 459 1643 514 praetulit
1667 459 1839 509 urbem,

826 530 1041 572 Praetulit
1066 530 1182 571 hanc
1204 529 1348 584 patrio
1373 530 1496 570 Naso
1520 535 1652 583 poeta
1674 529 1784 570 solo.
1853 525 1857 528 ’

771 600 959 641 Mantua
983 598 1229 653 Vergilium
1253 597 1422 653 genuit,
1448 598 1626 639 Verona
1650 597 1897 646 Catullum,

828 668 915 709 Par
936 674 1088 709 tamen
1112 667 1196 708 hoc
1219 666 1401 708 domina
1424 665 1532 707 civis
1555 665 1599 707 in
1623 666 1731 707 urbe
1753 664 1852 707 fuit.

771 738 895 791 Quos
917 736 1041 786 colis,
1065 735 1281 789 exemplis
1304 736 1488 777 heroum
1512 735 1650 789 dirige
1672 748 1868 788 gressuS‚

830 805 949 846 Hinc
972 812 1036 855 tu,
1061 804 1362 859 quodxfugias,
1387 805 1593 857 quodque
1617 803 1833 858 sequaris,
1858 803 2012 844 habes.

776 874 966 916 Difficile
989 880 1071 923 est,
1096 874 1252 923 fateor,
1278 873 1434 927 patriis
1455 873 1704 914 valedicere
1727 872 1890 921 fundis,

833 944 890 984 Et
915 958 1000 997 quo
1024 941 1226 997 reptasti,
1251 948 1421 984 vertere
1444 948 1568 995 terga
1591 941 1701 982 solo.

776 1014 865 1054 Res
887 1019 1039 1054 tamen
1062 1011 1276 1053 auxilium
1301 1025 1401 1053 cum
1426 1011 1568 1065 poscit
1592 1010 1782 1065 publica,
1804 1024 1950 1059 nemo,

834 1083 978 1136 Quam
1003 1087 1230 1134 praestare
1254 1086 1416 1134 potest,
1441 1079 1551 1120 ferre
1575 1085 1751 1120 recusat
1774 1092 1920 1132 opem.

779 1152 880 1204 Ipse
904 1165 985 1191 sua
1008 1149 1177 1203 patriae
1200 1163 1278 1203 pro
1301 1149 1506 1190 libertate
1532 1149 1817 1198 MenoeceuS,

839 1219 1006 1261 Hostili
1033 1218 1159 1260 Decii
1183 1224 1274 1260 tres
1297 1217 1494 1259 cecidere
1518 1231 1670 1258 manu.

782 1292 866 1332 Pro
890 1290 1033 1345 patria
1057 1291 1258 1331 dextram
1282 1288 1459 1330 devovit
1485 1288 1699 1330 Scaevola
1721 1286 1931 1336 flammis,

840 1361 897 1401 Et
922 1367 1028 1414 quot
1052 1366 1193 1409 erant,
1220 1358 1385 1400 Fabios
1412 1357 1597 1400 abstulit
1626 1372 1715 1400 una
1741 1357 1850 1399 dies.

784 1430 866 1470 Pro
890 1428 1033 1483 patria
1058 1427 1153 1470 Diti
1177 1434 1334 1469 natum
1358 1427 1573 1469 mactavit
1599 1426 1897 1475 Erechtheus,

843 1499 1010 1538 Brutus
1033 1503 1075 1538 et
1099 1496 1199 1538 irati
1224 1495 1418 1538 concidit
1443 1510 1547 1537 ense
1571 1495 1727 1550 patris.

783 1567 853 1608 Tu
877 1581 1052 1621 quoque
1076 1581 1130 1607 ne
1154 1565 1325 1620 patriae
1348 1565 1480 1607 desis.
1543 1565 1609 1607 Te
1632 1564 1810 1619 publica
1833 1570 2023 1618 poscunt

846 1636 1016 1686 Munia,
1041 1643 1084 1678 te
1109 1642 1315 1690 spectant
1339 1635 1475 1685 curia,
1499 1641 1658 1685 rostra,
1681 1635 1840 1676 forum.

790 1707 915 1748 Haec
938 1705 1017 1747 tibi
1041 1706 1272 1755 debentur,
1297 1704 1469 1746 deberis
1491 1711 1540 1746 tu
1564 1704 1696 1745 simul
1720 1703 1822 1754 illis,

846 1774 927 1816 Vel
951 1774 1045 1824 tibi,
1069 1774 1139 1816 vel
1163 1773 1288 1823 nulli,
1314 1773 1522 1815 convenit
1547 1773 1667 1814 istud
1689 1787 1817 1814 onus.

792 1844 969 1897 Rumpe
993 1856 1156 1892 moras,
1181 1848 1224 1883 et
1247 1847 1306 1891 te,
1333 1841 1547 1890 Gordoni‚
1572 1840 1765 1882 transfer
1786 1840 1830 1882 in
1853 1842 2023 1889 urbem,

850 1911 953 1952 Huc
975 1917 1020 1952 te
1042 1910 1135 1952 fata
1157 1916 1335 1959 vocant,
1360 1910 1447 1951 huc
1470 1909 1608 1951 trahit
1631 1909 1752 1951 alma
1774 1908 1975 1950 Themis.

794 1980 881 2022 Hic
905 1987 1031 2034 potes
1054 1979 1220 2035 ingenii
1244 1978 1452 2021 caelestis
1475 1992 1676 2033 promere
1698 1978 1828 2030 vires,

853 2049 941 2090 Hic
965 2056 1092 2104 potes
1115 2048 1279 2103 eloquii
1302 2049 1496 2102 pandere
1518 2047 1617 2090 vela
1640 2047 1720 2090 tui.

797 2120 897 2160 Non
922 2120 1047 2160 decet
1071 2118 1269 2173 insignes
1292 2117 1430 2160 animi
1456 2131 1730 2159 marcescere
1753 2118 1894 2166 dotes,

856 2188 1065 2240 Raraque
1088 2185 1273 2228 deformi
1297 2187 1414 2227 dona
1438 2185 1579 2239 perire
1602 2184 1707 2226 situ.

801 2255 991 2297 Delituit
1014 2256 1254 2309 lanamque
1276 2254 1350 2296 diu
1373 2254 1582 2296 tractavit
1605 2253 1818 2304 Achilles,

860 2326 960 2367 Hac
984 2339 1072 2379 qua
1095 2325 1308 2366 debuerat
1331 2324 1420 2365 tela
1442 2323 1614 2365 vibrare
1644 2337 1796 2365 manu.

803 2401 890 2442 Sed
915 2399 1182 2441 Laertiadae
1203 2399 1385 2441 tandem
1410 2397 1607 2440 sollertia
1630 2397 1798 2439 larvam

863 2468 1086 2524 Dempsit‚
1110 2475 1152 2510 et
1176 2468 1365 2509 invitum
1389 2467 1523 2509 traxit
1547 2468 1601 2509 ad
1624 2481 1749 2508 arma
1771 2467 1945 2508 ducem.

806 2543 1028 2585 Aeaciden
1052 2549 1270 2596 quantum
1295 2541 1376 2583 sibi
1400 2548 1496 2582 tum
1520 2540 1716 2582 devinxit
1741 2540 1944 2596 Ulysses,

867 2614 940 2654 Me
963 2614 1015 2654 de
1038 2619 1082 2654 te
1103 2619 1281 2653 tantum
1305 2625 1423 2652 nunc
1448 2610 1661 2652 meruisse
1684 2617 1806 2665 puta.

811 2683 868 2723 Et
894 2681 1002 2723 mihi
1026 2681 1061 2722 si
1086 2696 1229 2736 pares,
1254 2681 1370 2734 quod
1395 2679 1586 2722 Graecia
1608 2679 1758 2722 debuit
1783 2678 1860 2729 illi,

871 2751 1060 2793 Debebit
1084 2750 1198 2792 votis
1222 2749 1400 2792 Scotica
1422 2756 1540 2791 terra
1564 2748 1688 2790 meis.

2348 677 2400 705 20

2361 1367 2414 1406 30

2372 2057 2426 2098 40

2384 2755 2436 2797 50

755 2898 806 2928 42.
835 2888 986 2919 Desormi
1002 2887 1095 2919 dona
1111 2887 1217 2928 perire
1235 2887 1329 2926 situ.]
1376 2886 1461 2917 This
1478 2885 1593 2926 happy
1616 2885 1812 2926 expression
1833 2883 1982 2926 justifies
2005 2883 2062 2914 the
2087 2881 2314 2914 introduction
2332 2880 2437 2912 above

640 2944 679 2975 of
693 2944 915 2985 Shakspere's
932 2943 1048 2983 nearly
1064 2950 1326 2983 contemporary
1343 2941 1500 2983 parallel:
1531 2942 1552 2957 “
1564 2940 1685 2982 tofust
1703 2940 1735 2970 in
1754 2950 1793 2971 us
1809 2938 1941 2971 unused
1955 2940 1983 2972 ‘'.
