2594 3749
650 315 727 357 172
1426 313 1667 345 PARERGA.

880 428 1176 483 Hippolytum
1201 429 1281 470 sibi
1307 444 1419 482 quae
1442 429 1675 471 restituere
1699 443 1874 471 manus.

819 497 1028 539 Forsitan
1052 497 1137 547 hic,
1162 512 1187 539 a
1211 513 1296 551 quo
1320 497 1516 540 medicas
1540 497 1812 552 Epidaurius
1834 503 1954 539 artes

876 565 1074 619 Accepit,
1099 567 1260 616 calcar,
1285 568 1401 620 quod
1425 566 1567 621 magis
1590 573 1730 621 urget,
1754 566 1903 608 habet.
2392 568 2447 610 60

820 635 1009 676 Semivir
1030 635 1101 677 hic
1124 635 1334 677 deformis
1355 642 1464 685 erat,
1490 642 1827 689 monstrumque
1851 635 2109 685 bimembre,

878 704 965 746 Ore
987 703 1130 745 virum
1154 704 1361 753 referens,
1385 711 1532 745 cetera
1555 704 1698 758 turpis
1721 718 1876 757 equus.
2556 745 2559 759 ,

821 772 922 813 Non
946 778 1096 814 tamen
1120 772 1191 814 hic
1216 773 1359 827 potuit
1382 779 1559 814 teneras
1581 773 1727 814 odisse
1750 772 1948 827 puellas;
2554 765 2559 878 Ι

879 841 964 882 Sed
988 840 1091 894 quid
1117 855 1255 890 amor,
1280 841 1434 891 sensit,
1459 841 1563 895 quid
1588 855 1713 882 sacer
1735 847 1852 882 esset
1878 842 2073 895 Hymen.
2554 881 2557 896 ,-

821 909 1010 950 Credere
1033 909 1132 963 quis
1155 910 1339 964 posset?
1377 909 1558 963 Paphiis
1581 923 1698 951 nunc
1726 908 1904 964 ignibus
1931 908 2043 951 ussit

880 976 1090 1032 Phillyra,
1115 977 1319 1019 semifero
1343 984 1483 1031 nupta
1506 978 1654 1032 puella
1676 977 1785 1019 viro.
2553 902 2557 1084 Ι

822 1045 982 1087 Fertur
1003 1052 1046 1087 et
1071 1047 1299 1100 Ocyrhoes
1322 1045 1525 1088 interrita
1549 1053 1691 1087 mater
1713 1045 1875 1100 equino

880 1115 1145 1156 Formosum
1168 1115 1322 1156 femori
1348 1114 1636 1168 supposuisse
1660 1115 1816 1156 femur.

822 1183 949 1224 Exue
972 1183 1040 1225 vel
1065 1183 1302 1233 medicum,
1327 1184 1410 1233 vel,
1434 1183 1605 1225 lumina
1627 1183 1747 1225 clara
1770 1184 2029 1225 medentum

880 1252 1065 1294 Praevia
1089 1267 1223 1306 quam
1247 1258 1514 1302 monstrant,
1541 1252 1739 1302 Pontice,
1764 1266 1896 1307 carpe
1917 1252 2052 1294 viam.
2397 1264 2452 1307 70

823 1321 909 1362 Sed
932 1335 1089 1375 neque,
1114 1336 1226 1375 quae
1250 1321 1402 1371 tradis,
1429 1321 1587 1363 studiis
1612 1321 1807 1376 Erycina
1832 1321 2060 1363 Minervae
2549 1291 2554 1347 i

880 1390 1068 1439 Obstat;
1102 1389 1367 1431 Aristoteles
1391 1390 1484 1445 ipse
1509 1389 1697 1432 maritus
1715 1396 1823 1432 erat.

823 1458 918 1499 Nec
940 1458 1005 1499 vir
1027 1465 1119 1500 erat
1143 1465 1320 1500 tantum
1339 1475 1347 1500 z
1382 1459 1589 1501 dominae
1613 1473 1789 1513 quoque
1811 1457 1937 1500 basia
1960 1458 2142 1513 carpsit,

882 1527 976 1568 Nec
1000 1528 1103 1568 dare
1126 1533 1365 1569 contentus
1388 1527 1528 1577 basia,
1553 1533 1654 1569 tura
1677 1527 1813 1569 dedit.

825 1595 1022 1637 Socratis
1044 1595 1088 1637 in
1110 1596 1279 1649 gremio
1302 1596 1438 1638 iacuit
1462 1596 1557 1637 sine
1580 1595 1765 1638 crimine
1787 1595 2006 1645 coniunx;

883 1664 1032 1706 Iunxit
1056 1665 1283 1720 Aristippo
1307 1666 1415 1707 Lais
1437 1665 1582 1707 amica
1606 1665 1739 1707 latus.

824 1733 927 1775 Sive
952 1734 1246 1776 Machaonias
1267 1740 1436 1776 tractas
1459 1749 1536 1776 seu
1566 1734 1756 1776 Paeonis
1782 1739 1917 1783 artes,
2546 1744 2549 1774 ι

884 1803 1028 1857 Quam
1052 1802 1170 1844 ferus
1193 1802 1341 1852 odisti,
1367 1802 1530 1857 Cypria
1553 1803 1700 1845 calcar
1721 1802 1818 1844 erit.

825 1871 992 1913 Oscula
1017 1871 1186 1913 Briseis
1209 1871 1382 1925 quoties
1408 1871 1562 1913 libavit
1586 1871 1763 1921 Achilli,

884 1938 1059 1981 Fortior
1082 1940 1125 1981 in
1149 1939 1291 1982 Troas
1316 1940 1463 1982 Pelias
1485 1940 1616 1982 hasta
1638 1939 1735 1982 fuit.
2401 1936 2455 1978 80

828 2009 999 2050 Hector
1020 2010 1074 2050 ab
1096 2009 1408 2051 Andromache
1432 2023 1619 2064 surgens
1641 2008 1888 2050 animosius
1910 2008 2064 2050 hostes

886 2077 1084 2132 Impulit,
1109 2084 1152 2119 et
1174 2077 1289 2120 vires
1312 2077 1434 2120 auxit
1457 2078 1501 2119 in
1524 2092 1650 2120 arma
1673 2078 1841 2120 Venus.

828 2145 1014 2200 Frigora
1035 2160 1090 2188 ne
1113 2146 1284 2201 gelidae
1307 2146 1492 2189 tetricus
1515 2153 1723 2200 praetexe
1746 2151 1967 2195 senectae,

887 2216 945 2255 Et
969 2229 1082 2268 quae
1104 2221 1310 2257 texerunt
1334 2215 1423 2257 iam
1447 2222 1580 2270 caput
1605 2229 1736 2257 omne
1759 2214 1899 2256 nives.

829 2283 1036 2338 Frigidus
1058 2289 1124 2325 est
1151 2285 1333 2333 Boreas,
1358 2284 1482 2326 senio
1504 2283 1730 2326 Tithonus
1753 2283 1883 2325 inerti

880 2353 1083 2402 Fractus,
1108 2360 1347 2408 utrumque
1369 2360 1520 2395 tamen
1544 2353 1727 2408 cuspide
1750 2352 1844 2394 fixit
1868 2354 2018 2394 Amor.

830 2420 1013 2475 Virgine
1037 2422 1252 2476 Cecropia
1277 2423 1447 2464 Boreae
1469 2422 1644 2464 caluere
1667 2421 1915 2463 medullae:

890 2490 1013 2531 Ictus
1034 2491 1090 2532 ab
1112 2491 1283 2533 Aurora
1306 2490 1486 2534 saucius
1508 2491 1621 2534 alter
1642 2497 1748 2533 erat.

773 2638 825 2667 61.
852 2635 1022 2676 Semivir.]
1070 2637 1207 2670 Chiron.

773 2699 825 2731 72.
849 2691 1051 2723 Aristoteles
1075 2715 1082 2722 .
1108 2715 1116 2723 .
1143 2715 1149 2722 .
1175 2697 1251 2724 tura
1266 2691 1386 2732 dedit]
1433 2691 1601 2733 Probably
1618 2690 1748 2724 alludes
1773 2696 1809 2723 to
1832 2691 1890 2723 the
1912 2690 2105 2733 provisions
2127 2690 2168 2722 of
2185 2689 2238 2722 his
2256 2688 2324 2721 will
2342 2688 2457 2730 (Diog.

658 2744 736 2782 La„
753 2745 794 2775 V.
815 2755 842 2775 1·
883 2768 890 2775 .

773 2800 825 2839 85.
845 2744 1050 2840 {Zithonusq
1102 2800 1250 2832 Delitiae
1275 2800 1341 2832 and
1371 2800 1588 2842 Middelburg
1611 2799 1739 2832 edition
1767 2799 1852 2832 have
1879 2799 2109 2839 “Tithonis,”
2135 2798 2196 2830 but
2223 2797 2372 2830 Raban's
2396 2796 2459 2828 has

660 2855 778 2884 “-us''.

775 2910 827 2949 87.
851 2908 991 2950 Virgine
1009 2909 1202 2951 Cecropia]
1248 2910 1435 2951 Oreithyia.
