<?xml version="1.0" encoding="UTF-8"?>
<!DOCTYPE html PUBLIC "-//W3C//DTD XHTML 1.0 Transitional//EN"
    "http://www.w3.org/TR/xhtml1/DTD/xhtml1-transitional.dtd">
<html xmlns="http://www.w3.org/1999/xhtml" xml:lang="en" lang="en">
 <head>
  <title>
</title>
<meta http-equiv="Content-Type" content="text/html;charset=utf-8" />
  <meta name='ocr-system' content='tesseract 3.04.00' />
  <meta name='ocr-capabilities' content='ocr_page ocr_carea ocr_par ocr_line ocrx_word'/>
</head>
<body>
  <div class='ocr_page' id='page_1' title='image "./musalatinaaberdo01gedduoft_0170.png"; bbox 0 0 2594 3749; ppageno 0'>
   <div class='ocr_carea' id='block_1_1' title="bbox 679 367 1693 412">
    <p class='ocr_par' dir='ltr' id='par_1_1' title="bbox 679 367 1693 412">
     <span class='ocr_line' id='line_1_1' title="bbox 679 367 1693 412; baseline -0.003 -11"><span class='ocrx_word' id='word_1_1' title='bbox 679 372 756 412; x_wconf 86' lang='lat'>132</span> <span class='ocrx_word' id='word_1_2' title='bbox 1454 367 1693 399; x_wconf 80' lang='lat' dir='ltr'>PARERGA.</span> 
     </span>
    </p>
   </div>
   <div class='ocr_carea' id='block_1_2' title="bbox 848 482 2172 2808">
    <p class='ocr_par' dir='ltr' id='par_1_2' title="bbox 906 482 1937 540">
     <span class='ocr_line' id='line_1_2' title="bbox 906 482 1937 540; baseline -0.002 -13"><span class='ocrx_word' id='word_1_3' title='bbox 906 487 1066 527; x_wconf 90' lang='lat' dir='ltr'>Partus</span> <span class='ocrx_word' id='word_1_4' title='bbox 1089 492 1182 527; x_wconf 89' lang='lat' dir='ltr'>erat</span> <span class='ocrx_word' id='word_1_5' title='bbox 1206 485 1427 540; x_wconf 86' lang='lat' dir='ltr'>geminus,</span> <span class='ocrx_word' id='word_1_6' title='bbox 1452 485 1567 526; x_wconf 88' lang='lat' dir='ltr'>fetus</span> <span class='ocrx_word' id='word_1_7' title='bbox 1590 491 1776 538; x_wconf 91' lang='lat' dir='ltr'>uterque</span> <span class='ocrx_word' id='word_1_8' title='bbox 1803 482 1937 525; x_wconf 84' lang='lat' dir='ltr'>Iovis.</span> 
     </span>
    </p>

    <p class='ocr_par' dir='ltr' id='par_1_3' title="bbox 848 554 2080 678">
     <span class='ocr_line' id='line_1_3' title="bbox 848 554 2080 609; baseline -0.002 -13"><span class='ocrx_word' id='word_1_9' title='bbox 848 556 1016 609; x_wconf 84' lang='lat' dir='ltr'>Sponte</span> <span class='ocrx_word' id='word_1_10' title='bbox 1039 569 1162 596; x_wconf 88' lang='lat' dir='ltr'>soror</span> <span class='ocrx_word' id='word_1_11' title='bbox 1185 554 1398 608; x_wconf 89' lang='lat' dir='ltr'>strepitus</span> <span class='ocrx_word' id='word_1_12' title='bbox 1421 554 1537 596; x_wconf 89' lang='lat' dir='ltr'>inter</span> <span class='ocrx_word' id='word_1_13' title='bbox 1559 568 1605 595; x_wconf 89' lang='lat' dir='ltr'>se</span> <span class='ocrx_word' id='word_1_14' title='bbox 1630 559 1850 595; x_wconf 91' lang='lat' dir='ltr'>monstrat</span> <span class='ocrx_word' id='word_1_15' title='bbox 1875 558 1917 594; x_wconf 89' lang='lat' dir='ltr'>et</span> <span class='ocrx_word' id='word_1_16' title='bbox 1941 566 2080 602; x_wconf 87' lang='lat' dir='ltr'>arma,</span> 
     </span>
     <span class='ocr_line' id='line_1_4' title="bbox 908 622 1915 678; baseline -0.002 -13"><span class='ocrx_word' id='word_1_17' title='bbox 908 625 1048 678; x_wconf 88' lang='lat' dir='ltr'>Inque</span> <span class='ocrx_word' id='word_1_18' title='bbox 1071 638 1226 665; x_wconf 89' lang='lat' dir='ltr'>recens</span> <span class='ocrx_word' id='word_1_19' title='bbox 1249 630 1345 665; x_wconf 90' lang='lat' dir='ltr'>orta</span> <span class='ocrx_word' id='word_1_20' title='bbox 1369 624 1443 665; x_wconf 93' lang='lat' dir='ltr'>lux</span> <span class='ocrx_word' id='word_1_21' title='bbox 1465 637 1580 665; x_wconf 91' lang='lat' dir='ltr'>nova</span> <span class='ocrx_word' id='word_1_22' title='bbox 1603 623 1740 677; x_wconf 85' lang='lat' dir='ltr'><strong>fulget</strong></span> <span class='ocrx_word' id='word_1_23' title='bbox 1764 622 1915 664; x_wconf 88' lang='lat' dir='ltr'>humo.</span> 
     </span>
    </p>

    <p class='ocr_par' dir='ltr' id='par_1_4' title="bbox 853 691 1970 818">
     <span class='ocr_line' id='line_1_5' title="bbox 853 691 1970 747; baseline -0.002 -13"><span class='ocrx_word' id='word_1_24' title='bbox 853 693 1056 736; x_wconf 86' lang='lat' dir='ltr'>Mascula</span> <span class='ocrx_word' id='word_1_25' title='bbox 1079 695 1184 735; x_wconf 90' lang='lat' dir='ltr'>dum</span> <span class='ocrx_word' id='word_1_26' title='bbox 1209 693 1354 747; x_wconf 91' lang='lat' dir='ltr'>proles</span> <span class='ocrx_word' id='word_1_27' title='bbox 1378 698 1628 742; x_wconf 81' lang='lat' dir='ltr'><strong>cunctatur,</strong></span> <span class='ocrx_word' id='word_1_28' title='bbox 1653 692 1774 733; x_wconf 91' lang='lat' dir='ltr'>mille</span> <span class='ocrx_word' id='word_1_29' title='bbox 1797 691 1970 733; x_wconf 86' lang='lat' dir='ltr'>dolores</span> 
     </span>
     <span class='ocr_line' id='line_1_6' title="bbox 911 761 1920 818; baseline -0.004 -13"><span class='ocrx_word' id='word_1_30' title='bbox 911 765 1015 805; x_wconf 87' lang='lat' dir='ltr'>Fert</span> <span class='ocrx_word' id='word_1_31' title='bbox 1038 762 1242 818; x_wconf 74' lang='lat' dir='ltr'>genitriX‚</span> <span class='ocrx_word' id='word_1_32' title='bbox 1269 762 1442 804; x_wconf 90' lang='lat' dir='ltr'>miseris</span> <span class='ocrx_word' id='word_1_33' title='bbox 1465 761 1752 815; x_wconf 86' lang='lat' dir='ltr'>obruiturque</span> <span class='ocrx_word' id='word_1_34' title='bbox 1776 761 1920 802; x_wconf 87' lang='lat' dir='ltr'>malis.</span> 
     </span>
    </p>

    <p class='ocr_par' dir='ltr' id='par_1_5' title="bbox 853 829 2021 954">
     <span class='ocr_line' id='line_1_7' title="bbox 853 829 2021 886; baseline -0.003 -12"><span class='ocrx_word' id='word_1_35' title='bbox 853 831 1044 874; x_wconf 85' lang='lat' dir='ltr'>Brachia</span> <span class='ocrx_word' id='word_1_36' title='bbox 1067 846 1184 874; x_wconf 91' lang='lat' dir='ltr'>nunc</span> <span class='ocrx_word' id='word_1_37' title='bbox 1208 831 1398 886; x_wconf 90' lang='lat' dir='ltr'>palmae,</span> <span class='ocrx_word' id='word_1_38' title='bbox 1422 845 1540 873; x_wconf 92' lang='lat' dir='ltr'>nunc</span> <span class='ocrx_word' id='word_1_39' title='bbox 1564 830 1844 885; x_wconf 79' lang='lat' dir='ltr'>amplexatur</span> <span class='ocrx_word' id='word_1_40' title='bbox 1865 829 2021 879; x_wconf 87' lang='lat' dir='ltr'>olivae,</span> 
     </span>
     <span class='ocr_line' id='line_1_8' title="bbox 912 899 1920 954; baseline -0.002 -12"><span class='ocrx_word' id='word_1_41' title='bbox 912 902 1042 942; x_wconf 92' lang='lat' dir='ltr'>Nunc</span> <span class='ocrx_word' id='word_1_42' title='bbox 1068 901 1187 942; x_wconf 91' lang='lat' dir='ltr'>Iovis</span> <span class='ocrx_word' id='word_1_43' title='bbox 1210 901 1431 954; x_wconf 84' lang='lat' dir='ltr'>implorat,</span> <span class='ocrx_word' id='word_1_44' title='bbox 1458 900 1530 954; x_wconf 89' lang='lat' dir='ltr'>qui</span> <span class='ocrx_word' id='word_1_45' title='bbox 1553 899 1748 949; x_wconf 89' lang='lat' dir='ltr'>vitiarat,</span> <span class='ocrx_word' id='word_1_46' title='bbox 1774 913 1920 954; x_wconf 89' lang='lat' dir='ltr'>opem.</span> 
     </span>
    </p>

    <p class='ocr_par' dir='ltr' id='par_1_6' title="bbox 854 968 1928 1092">
     <span class='ocr_line' id='line_1_9' title="bbox 854 968 1928 1023; baseline -0.001 -13"><span class='ocrx_word' id='word_1_47' title='bbox 854 971 973 1012; x_wconf 90' lang='lat' dir='ltr'>Nata</span> <span class='ocrx_word' id='word_1_48' title='bbox 996 984 1152 1012; x_wconf 90' lang='lat' dir='ltr'>recens</span> <span class='ocrx_word' id='word_1_49' title='bbox 1175 970 1358 1010; x_wconf 91' lang='lat' dir='ltr'>tandem</span> <span class='ocrx_word' id='word_1_50' title='bbox 1382 969 1605 1023; x_wconf 84' lang='lat' dir='ltr'>pariturae</span> <span class='ocrx_word' id='word_1_51' title='bbox 1628 968 1728 1010; x_wconf 91' lang='lat' dir='ltr'>diva</span> <span class='ocrx_word' id='word_1_52' title='bbox 1755 968 1928 1022; x_wconf 88' lang='lat' dir='ltr'>parenti</span> 
     </span>
     <span class='ocr_line' id='line_1_10' title="bbox 910 1037 1817 1092; baseline -0.002 -12"><span class='ocrx_word' id='word_1_53' title='bbox 910 1039 1095 1080; x_wconf 80' lang='lat' dir='ltr'>Adstitit</span> <span class='ocrx_word' id='word_1_54' title='bbox 1119 1037 1347 1088; x_wconf 82' lang='lat' dir='ltr'>obstetrix,</span> <span class='ocrx_word' id='word_1_55' title='bbox 1371 1037 1677 1092; x_wconf 81' lang='lat' dir='ltr'>auxiliumque</span> <span class='ocrx_word' id='word_1_56' title='bbox 1700 1037 1817 1079; x_wconf 90' lang='lat' dir='ltr'>tulit.</span> 
     </span>
    </p>

    <p class='ocr_par' dir='ltr' id='par_1_7' title="bbox 855 1107 1851 1219">
     <span class='ocr_line' id='line_1_11' title="bbox 855 1107 1851 1156; baseline -0.003 -6"><span class='ocrx_word' id='word_1_57' title='bbox 855 1108 1041 1150; x_wconf 85' lang='lat' dir='ltr'>Natales</span> <span class='ocrx_word' id='word_1_58' title='bbox 1065 1108 1146 1149; x_wconf 89' lang='lat' dir='ltr'>hos</span> <span class='ocrx_word' id='word_1_59' title='bbox 1170 1114 1273 1148; x_wconf 89' lang='lat' dir='ltr'>ante</span> <span class='ocrx_word' id='word_1_60' title='bbox 1296 1114 1411 1155; x_wconf 91' lang='lat' dir='ltr'>tuos,</span> <span class='ocrx_word' id='word_1_61' title='bbox 1438 1107 1627 1156; x_wconf 89' lang='lat' dir='ltr'>Lucina,</span> <span class='ocrx_word' id='word_1_62' title='bbox 1654 1107 1851 1148; x_wconf 87' lang='lat' dir='ltr'>Deorum</span> 
     </span>
     <span class='ocr_line' id='line_1_12' title="bbox 911 1176 1810 1219; baseline -0.003 0"><span class='ocrx_word' id='word_1_63' title='bbox 911 1178 980 1219; x_wconf 87' lang='lat' dir='ltr'>Ah</span> <span class='ocrx_word' id='word_1_64' title='bbox 1004 1177 1137 1218; x_wconf 85' lang='lat' dir='ltr'>nimis</span> <span class='ocrx_word' id='word_1_65' title='bbox 1160 1176 1310 1218; x_wconf 85' lang='lat' dir='ltr'>infelix</span> <span class='ocrx_word' id='word_1_66' title='bbox 1333 1183 1376 1218; x_wconf 93' lang='lat' dir='ltr'>et</span> <span class='ocrx_word' id='word_1_67' title='bbox 1399 1176 1534 1217; x_wconf 87' lang='lat' dir='ltr'>miser</span> <span class='ocrx_word' id='word_1_68' title='bbox 1555 1182 1679 1217; x_wconf 90' lang='lat' dir='ltr'>ortus</span> <span class='ocrx_word' id='word_1_69' title='bbox 1703 1182 1810 1217; x_wconf 90' lang='lat' dir='ltr'>erat.</span> 
     </span>
    </p>

    <p class='ocr_par' dir='ltr' id='par_1_8' title="bbox 855 1244 1995 1371">
     <span class='ocr_line' id='line_1_13' title="bbox 855 1244 1995 1300; baseline -0.003 -11"><span class='ocrx_word' id='word_1_70' title='bbox 855 1247 1040 1289; x_wconf 90' lang='lat' dir='ltr'>Pallada</span> <span class='ocrx_word' id='word_1_71' title='bbox 1063 1246 1162 1300; x_wconf 88' lang='lat' dir='ltr'>quis</span> <span class='ocrx_word' id='word_1_72' title='bbox 1185 1245 1341 1295; x_wconf 89' lang='lat' dir='ltr'>nescit,</span> <span class='ocrx_word' id='word_1_73' title='bbox 1367 1251 1489 1287; x_wconf 90' lang='lat' dir='ltr'>tacto</span> <span class='ocrx_word' id='word_1_74' title='bbox 1512 1260 1646 1298; x_wconf 88' lang='lat' dir='ltr'>quam</span> <span class='ocrx_word' id='word_1_75' title='bbox 1669 1244 1835 1287; x_wconf 87' lang='lat' dir='ltr'>vertice</span> <span class='ocrx_word' id='word_1_76' title='bbox 1857 1245 1995 1287; x_wconf 81' lang='lat' dir='ltr'>fertur</span> 
     </span>
     <span class='ocr_line' id='line_1_14' title="bbox 914 1315 1777 1371; baseline -0.002 -13"><span class='ocrx_word' id='word_1_77' title='bbox 914 1317 1083 1371; x_wconf 92' lang='lat' dir='ltr'>Iupiter</span> <span class='ocrx_word' id='word_1_78' title='bbox 1104 1330 1126 1357; x_wconf 92' lang='lat' dir='ltr'>e</span> <span class='ocrx_word' id='word_1_79' title='bbox 1150 1316 1328 1357; x_wconf 88' lang='lat' dir='ltr'>cerebro</span> <span class='ocrx_word' id='word_1_80' title='bbox 1350 1315 1640 1369; x_wconf 83' lang='lat' dir='ltr'>progenuisse</span> <span class='ocrx_word' id='word_1_81' title='bbox 1664 1329 1743 1356; x_wconf 91' lang='lat' dir='ltr'>suo</span> <span class='ocrx_word' id='word_1_82' title='bbox 1762 1315 1777 1355; x_wconf 72' lang='lat' dir='ltr'>P</span> 
     </span>
    </p>

    <p class='ocr_par' dir='ltr' id='par_1_9' title="bbox 858 1383 1987 1509">
     <span class='ocr_line' id='line_1_15' title="bbox 858 1383 1987 1439; baseline -0.003 -12"><span class='ocrx_word' id='word_1_83' title='bbox 858 1387 1013 1428; x_wconf 90' lang='lat' dir='ltr'>Mense</span> <span class='ocrx_word' id='word_1_84' title='bbox 1037 1384 1149 1439; x_wconf 86' lang='lat' dir='ltr'>patri</span> <span class='ocrx_word' id='word_1_85' title='bbox 1175 1384 1348 1425; x_wconf 87' lang='lat' dir='ltr'>decimo</span> <span class='ocrx_word' id='word_1_86' title='bbox 1372 1384 1579 1438; x_wconf 87' lang='lat' dir='ltr'>pulsabat</span> <span class='ocrx_word' id='word_1_87' title='bbox 1602 1390 1806 1438; x_wconf 88' lang='lat' dir='ltr'>tempora</span> <span class='ocrx_word' id='word_1_88' title='bbox 1829 1383 1987 1438; x_wconf 89' lang='lat' dir='ltr'>proles,</span> 
     </span>
     <span class='ocr_line' id='line_1_16' title="bbox 914 1453 1825 1509; baseline -0.003 -12"><span class='ocrx_word' id='word_1_89' title='bbox 914 1457 1132 1509; x_wconf 87' lang='lat' dir='ltr'>Coeperat</span> <span class='ocrx_word' id='word_1_90' title='bbox 1157 1460 1199 1496; x_wconf 94' lang='lat' dir='ltr'>et</span> <span class='ocrx_word' id='word_1_91' title='bbox 1223 1454 1388 1496; x_wconf 87' lang='lat' dir='ltr'>cerebri</span> <span class='ocrx_word' id='word_1_92' title='bbox 1411 1453 1653 1495; x_wconf 88' lang='lat' dir='ltr'>dilacerare</span> <span class='ocrx_word' id='word_1_93' title='bbox 1676 1453 1825 1495; x_wconf 90' lang='lat' dir='ltr'>sinus:</span> 
     </span>
    </p>

    <p class='ocr_par' dir='ltr' id='par_1_10' title="bbox 858 1522 1991 1647">
     <span class='ocr_line' id='line_1_17' title="bbox 858 1522 1991 1577; baseline -0.004 -11"><span class='ocrx_word' id='word_1_94' title='bbox 858 1525 1000 1577; x_wconf 85' lang='lat' dir='ltr'>Saepe</span> <span class='ocrx_word' id='word_1_95' title='bbox 1024 1530 1156 1577; x_wconf 90' lang='lat' dir='ltr'>caput</span> <span class='ocrx_word' id='word_1_96' title='bbox 1181 1531 1381 1576; x_wconf 90' lang='lat' dir='ltr'>quassat,</span> <span class='ocrx_word' id='word_1_97' title='bbox 1407 1528 1588 1563; x_wconf 90' lang='lat' dir='ltr'>tentans</span> <span class='ocrx_word' id='word_1_98' title='bbox 1611 1522 1828 1576; x_wconf 83' lang='lat' dir='ltr'>expellere</span> <span class='ocrx_word' id='word_1_99' title='bbox 1850 1522 1991 1563; x_wconf 89' lang='lat' dir='ltr'>fetum</span> 
     </span>
     <span class='ocr_line' id='line_1_18' title="bbox 916 1591 1968 1647; baseline -0.002 -13"><span class='ocrx_word' id='word_1_100' title='bbox 916 1593 1101 1647; x_wconf 87' lang='lat' dir='ltr'>Iupiter,</span> <span class='ocrx_word' id='word_1_101' title='bbox 1126 1599 1168 1634; x_wconf 92' lang='lat' dir='ltr'>et</span> <span class='ocrx_word' id='word_1_102' title='bbox 1193 1591 1358 1633; x_wconf 88' lang='lat' dir='ltr'>circum</span> <span class='ocrx_word' id='word_1_103' title='bbox 1385 1591 1529 1633; x_wconf 88' lang='lat' dir='ltr'>sidera</span> <span class='ocrx_word' id='word_1_104' title='bbox 1556 1597 1719 1633; x_wconf 88' lang='lat' dir='ltr'>cuncta</span> <span class='ocrx_word' id='word_1_105' title='bbox 1744 1597 1968 1632; x_wconf 89' lang='lat' dir='ltr'>tremunt:</span> 
     </span>
    </p>

    <p class='ocr_par' dir='ltr' id='par_1_11' title="bbox 859 1660 1857 1784">
     <span class='ocr_line' id='line_1_19' title="bbox 859 1660 1857 1717; baseline -0.004 -12"><span class='ocrx_word' id='word_1_106' title='bbox 859 1664 1001 1717; x_wconf 88' lang='lat' dir='ltr'>Saepe</span> <span class='ocrx_word' id='word_1_107' title='bbox 1024 1661 1245 1716; x_wconf 85' lang='lat' dir='ltr'>puerperii</span> <span class='ocrx_word' id='word_1_108' title='bbox 1273 1661 1431 1702; x_wconf 85' lang='lat' dir='ltr'>mediis</span> <span class='ocrx_word' id='word_1_109' title='bbox 1453 1661 1497 1702; x_wconf 82' lang='lat' dir='ltr'>in</span> <span class='ocrx_word' id='word_1_110' title='bbox 1520 1660 1697 1702; x_wconf 81' lang='lat' dir='ltr'>nixibus</span> <span class='ocrx_word' id='word_1_111' title='bbox 1727 1674 1857 1715; x_wconf 87' lang='lat' dir='ltr'>aeger</span> 
     </span>
     <span class='ocr_line' id='line_1_20' title="bbox 919 1729 1834 1784; baseline -0.002 -12"><span class='ocrx_word' id='word_1_112' title='bbox 919 1730 1146 1773; x_wconf 88' lang='lat' dir='ltr'>Deficiens</span> <span class='ocrx_word' id='word_1_113' title='bbox 1169 1735 1294 1784; x_wconf 91' lang='lat' dir='ltr'>optat</span> <span class='ocrx_word' id='word_1_114' title='bbox 1320 1729 1519 1771; x_wconf 89' lang='lat' dir='ltr'>Numina</span> <span class='ocrx_word' id='word_1_115' title='bbox 1543 1743 1672 1784; x_wconf 91' lang='lat' dir='ltr'>posse</span> <span class='ocrx_word' id='word_1_116' title='bbox 1695 1729 1805 1770; x_wconf 87' lang='lat' dir='ltr'>mori</span> <span class='ocrx_word' id='word_1_117' title='bbox 1826 1745 1834 1770; x_wconf 90' lang='lat'><strong>:</strong></span> 
     </span>
    </p>

    <p class='ocr_par' dir='ltr' id='par_1_12' title="bbox 860 1798 1975 1921">
     <span class='ocr_line' id='line_1_21' title="bbox 860 1798 1960 1852; baseline -0.002 -10"><span class='ocrx_word' id='word_1_118' title='bbox 860 1800 1024 1843; x_wconf 88' lang='lat' dir='ltr'>Omnia</span> <span class='ocrx_word' id='word_1_119' title='bbox 1048 1814 1148 1841; x_wconf 90' lang='lat' dir='ltr'>cum</span> <span class='ocrx_word' id='word_1_120' title='bbox 1173 1799 1338 1840; x_wconf 81' lang='lat' dir='ltr'>frustra</span> <span class='ocrx_word' id='word_1_121' title='bbox 1361 1805 1505 1840; x_wconf 87' lang='lat' dir='ltr'>rector</span> <span class='ocrx_word' id='word_1_122' title='bbox 1527 1805 1758 1852; x_wconf 90' lang='lat' dir='ltr'>terraeque</span> <span class='ocrx_word' id='word_1_123' title='bbox 1781 1798 1960 1852; x_wconf 89' lang='lat' dir='ltr'>polique</span> 
     </span>
     <span class='ocr_line' id='line_1_22' title="bbox 915 1867 1975 1921; baseline -0.002 -12"><span class='ocrx_word' id='word_1_124' title='bbox 915 1868 1171 1917; x_wconf 83' lang='lat' dir='ltr'>Tentasset,</span> <span class='ocrx_word' id='word_1_125' title='bbox 1194 1867 1320 1916; x_wconf 86' lang='lat' dir='ltr'>fabri,</span> <span class='ocrx_word' id='word_1_126' title='bbox 1345 1867 1454 1921; x_wconf 89' lang='lat' dir='ltr'>proh</span> <span class='ocrx_word' id='word_1_127' title='bbox 1477 1868 1632 1921; x_wconf 83' lang='lat' dir='ltr'>pudor,</span> <span class='ocrx_word' id='word_1_128' title='bbox 1658 1881 1765 1908; x_wconf 90' lang='lat' dir='ltr'>usus</span> <span class='ocrx_word' id='word_1_129' title='bbox 1787 1881 1869 1921; x_wconf 89' lang='lat' dir='ltr'>ope</span> <span class='ocrx_word' id='word_1_130' title='bbox 1893 1873 1975 1908; x_wconf 90' lang='lat' dir='ltr'>est.</span> 
     </span>
    </p>

    <p class='ocr_par' dir='ltr' id='par_1_13' title="bbox 864 1934 2014 2059">
     <span class='ocr_line' id='line_1_23' title="bbox 864 1934 2014 1990; baseline -0.002 -12"><span class='ocrx_word' id='word_1_131' title='bbox 864 1937 1095 1986; x_wconf 86' lang='lat' dir='ltr'>Mulciber,</span> <span class='ocrx_word' id='word_1_132' title='bbox 1120 1951 1142 1977; x_wconf 92' lang='lat' dir='ltr'>e</span> <span class='ocrx_word' id='word_1_133' title='bbox 1166 1936 1317 1978; x_wconf 88' lang='lat' dir='ltr'>Sicula</span> <span class='ocrx_word' id='word_1_134' title='bbox 1340 1949 1582 1990; x_wconf 88' lang='lat' dir='ltr'>properans</span> <span class='ocrx_word' id='word_1_135' title='bbox 1604 1935 1798 1985; x_wconf 82' lang='lat' dir='ltr'>fornace,</span> <span class='ocrx_word' id='word_1_136' title='bbox 1824 1934 2014 1977; x_wconf 88' lang='lat' dir='ltr'>securim</span> 
     </span>
     <span class='ocr_line' id='line_1_24' title="bbox 922 2003 1854 2059; baseline -0.002 -13"><span class='ocrx_word' id='word_1_137' title='bbox 922 2004 1128 2059; x_wconf 84' lang='lat' dir='ltr'>Impegit,</span> <span class='ocrx_word' id='word_1_138' title='bbox 1154 2003 1350 2045; x_wconf 89' lang='lat' dir='ltr'>medium</span> <span class='ocrx_word' id='word_1_139' title='bbox 1378 2003 1679 2056; x_wconf 88' lang='lat' dir='ltr'>dissecuitque</span> <span class='ocrx_word' id='word_1_140' title='bbox 1706 2009 1854 2057; x_wconf 90' lang='lat' dir='ltr'>caput.</span> 
     </span>
    </p>

    <p class='ocr_par' dir='ltr' id='par_1_14' title="bbox 864 2071 1998 2195">
     <span class='ocr_line' id='line_1_25' title="bbox 864 2071 1998 2128; baseline -0.002 -12"><span class='ocrx_word' id='word_1_141' title='bbox 864 2076 964 2116; x_wconf 89' lang='lat' dir='ltr'>Hac</span> <span class='ocrx_word' id='word_1_142' title='bbox 987 2089 1083 2128; x_wconf 91' lang='lat' dir='ltr'>ope,</span> <span class='ocrx_word' id='word_1_143' title='bbox 1108 2088 1208 2114; x_wconf 89' lang='lat' dir='ltr'>cum</span> <span class='ocrx_word' id='word_1_144' title='bbox 1233 2073 1374 2126; x_wconf 89' lang='lat' dir='ltr'>clipeo</span> <span class='ocrx_word' id='word_1_145' title='bbox 1396 2071 1602 2113; x_wconf 88' lang='lat' dir='ltr'>Tritonia</span> <span class='ocrx_word' id='word_1_146' title='bbox 1627 2072 1777 2114; x_wconf 89' lang='lat' dir='ltr'>Pallas</span> <span class='ocrx_word' id='word_1_147' title='bbox 1800 2079 1842 2114; x_wconf 90' lang='lat' dir='ltr'>et</span> <span class='ocrx_word' id='word_1_148' title='bbox 1866 2073 1998 2114; x_wconf 89' lang='lat' dir='ltr'>hasta</span> 
     </span>
     <span class='ocr_line' id='line_1_26' title="bbox 922 2140 1784 2195; baseline -0.002 -12"><span class='ocrx_word' id='word_1_149' title='bbox 922 2142 1099 2184; x_wconf 92' lang='lat' dir='ltr'>Dicitur</span> <span class='ocrx_word' id='word_1_150' title='bbox 1121 2156 1143 2183; x_wconf 92' lang='lat' dir='ltr'>e</span> <span class='ocrx_word' id='word_1_151' title='bbox 1167 2142 1345 2183; x_wconf 90' lang='lat' dir='ltr'>cerebro</span> <span class='ocrx_word' id='word_1_152' title='bbox 1368 2140 1627 2195; x_wconf 85' lang='lat' dir='ltr'>prosiluisse</span> <span class='ocrx_word' id='word_1_153' title='bbox 1652 2140 1784 2182; x_wconf 89' lang='lat' dir='ltr'>Iovis.</span> 
     </span>
    </p>

    <p class='ocr_par' dir='ltr' id='par_1_15' title="bbox 866 2209 2033 2333">
     <span class='ocr_line' id='line_1_27' title="bbox 866 2209 2033 2264; baseline -0.002 -11"><span class='ocrx_word' id='word_1_154' title='bbox 866 2213 998 2254; x_wconf 90' lang='lat' dir='ltr'>Hanc</span> <span class='ocrx_word' id='word_1_155' title='bbox 1022 2210 1176 2264; x_wconf 90' lang='lat' dir='ltr'>quanti</span> <span class='ocrx_word' id='word_1_156' title='bbox 1199 2210 1377 2252; x_wconf 89' lang='lat' dir='ltr'>fecisset</span> <span class='ocrx_word' id='word_1_157' title='bbox 1400 2224 1536 2251; x_wconf 87' lang='lat' dir='ltr'>anum</span> <span class='ocrx_word' id='word_1_158' title='bbox 1564 2216 1660 2251; x_wconf 91' lang='lat' dir='ltr'>tum</span> <span class='ocrx_word' id='word_1_159' title='bbox 1690 2209 1904 2264; x_wconf 86' lang='lat' dir='ltr'>Iuppiter,</span> <span class='ocrx_word' id='word_1_160' title='bbox 1930 2209 2033 2251; x_wconf 88' lang='lat' dir='ltr'>altis</span> 
     </span>
     <span class='ocr_line' id='line_1_28' title="bbox 923 2278 1958 2333; baseline -0.002 -12"><span class='ocrx_word' id='word_1_161' title='bbox 923 2282 975 2322; x_wconf 92' lang='lat' dir='ltr'>In</span> <span class='ocrx_word' id='word_1_162' title='bbox 998 2279 1194 2321; x_wconf 88' lang='lat' dir='ltr'>tenebris</span> <span class='ocrx_word' id='word_1_163' title='bbox 1218 2293 1330 2332; x_wconf 90' lang='lat' dir='ltr'>quae</span> <span class='ocrx_word' id='word_1_164' title='bbox 1354 2292 1472 2319; x_wconf 89' lang='lat' dir='ltr'>nunc</span> <span class='ocrx_word' id='word_1_165' title='bbox 1495 2278 1786 2333; x_wconf 86' lang='lat' dir='ltr'>semisepulta</span> <span class='ocrx_word' id='word_1_166' title='bbox 1809 2278 1958 2320; x_wconf 87' lang='lat' dir='ltr'>iacet?</span> 
     </span>
    </p>

    <p class='ocr_par' dir='ltr' id='par_1_16' title="bbox 867 2347 1960 2465">
     <span class='ocr_line' id='line_1_29' title="bbox 867 2347 1960 2402; baseline -0.003 -11"><span class='ocrx_word' id='word_1_167' title='bbox 867 2351 993 2391; x_wconf 86' lang='lat' dir='ltr'>Haec</span> <span class='ocrx_word' id='word_1_168' title='bbox 1016 2348 1156 2402; x_wconf 87' lang='lat' dir='ltr'>patris</span> <span class='ocrx_word' id='word_1_169' title='bbox 1179 2347 1347 2389; x_wconf 84' lang='lat' dir='ltr'>intacto</span> <span class='ocrx_word' id='word_1_170' title='bbox 1371 2347 1579 2389; x_wconf 89' lang='lat' dir='ltr'>traxisset</span> <span class='ocrx_word' id='word_1_171' title='bbox 1602 2347 1768 2389; x_wconf 86' lang='lat' dir='ltr'>vertice</span> <span class='ocrx_word' id='word_1_172' title='bbox 1790 2347 1960 2401; x_wconf 85' lang='lat' dir='ltr'>prolem</span> 
     </span>
     <span class='ocr_line' id='line_1_30' title="bbox 926 2415 1891 2465; baseline -0.003 -6"><span class='ocrx_word' id='word_1_173' title='bbox 926 2417 1162 2465; x_wconf 82' lang='lat' dir='ltr'>Illaesam3</span> <span class='ocrx_word' id='word_1_174' title='bbox 1197 2422 1350 2458; x_wconf 90' lang='lat' dir='ltr'>tantae</span> <span class='ocrx_word' id='word_1_175' title='bbox 1374 2422 1440 2457; x_wconf 91' lang='lat' dir='ltr'>est</span> <span class='ocrx_word' id='word_1_176' title='bbox 1465 2415 1742 2457; x_wconf 86' lang='lat' dir='ltr'>dexteritatis</span> <span class='ocrx_word' id='word_1_177' title='bbox 1765 2430 1891 2457; x_wconf 91' lang='lat' dir='ltr'>anus.</span> 
     </span>
    </p>

    <p class='ocr_par' dir='ltr' id='par_1_17' title="bbox 868 2483 2172 2611">
     <span class='ocr_line' id='line_1_31' title="bbox 868 2483 2172 2542; baseline -0.002 -15"><span class='ocrx_word' id='word_1_178' title='bbox 868 2486 979 2542; x_wconf 79' lang='lat' dir='ltr'>Quis</span> <span class='ocrx_word' id='word_1_179' title='bbox 1001 2492 1220 2535; x_wconf 87' lang='lat' dir='ltr'>numeret,</span> <span class='ocrx_word' id='word_1_180' title='bbox 1246 2490 1353 2539; x_wconf 92' lang='lat' dir='ltr'>quot</span> <span class='ocrx_word' id='word_1_181' title='bbox 1376 2499 1505 2538; x_wconf 83' lang='lat' dir='ltr'>opem</span> <span class='ocrx_word' id='word_1_182' title='bbox 1530 2484 1679 2525; x_wconf 90' lang='lat' dir='ltr'>tulerit</span> <span class='ocrx_word' id='word_1_183' title='bbox 1704 2498 1865 2526; x_wconf 89' lang='lat' dir='ltr'>manus</span> <span class='ocrx_word' id='word_1_184' title='bbox 1889 2484 1976 2526; x_wconf 88' lang='lat' dir='ltr'>ista</span> <span class='ocrx_word' id='word_1_185' title='bbox 1998 2483 2172 2538; x_wconf 90' lang='lat' dir='ltr'>puellis,</span> 
     </span>
     <span class='ocr_line' id='line_1_32' title="bbox 928 2553 2000 2611; baseline -0.002 -15"><span class='ocrx_word' id='word_1_186' title='bbox 928 2554 1016 2596; x_wconf 92' lang='lat' dir='ltr'>Hic</span> <span class='ocrx_word' id='word_1_187' title='bbox 1040 2553 1112 2595; x_wconf 92' lang='lat' dir='ltr'>ubi</span> <span class='ocrx_word' id='word_1_188' title='bbox 1139 2555 1236 2611; x_wconf 85' lang='lat' dir='ltr'>Dea</span> <span class='ocrx_word' id='word_1_189' title='bbox 1257 2554 1368 2595; x_wconf 88' lang='lat' dir='ltr'>freto</span> <span class='ocrx_word' id='word_1_190' title='bbox 1394 2554 1612 2607; x_wconf 87' lang='lat' dir='ltr'>Donaque</span> <span class='ocrx_word' id='word_1_191' title='bbox 1637 2553 1793 2595; x_wconf 90' lang='lat' dir='ltr'>miscet</span> <span class='ocrx_word' id='word_1_192' title='bbox 1817 2554 2000 2607; x_wconf 79' lang='lat' dir='ltr'>aquas?</span> 
     </span>
    </p>

    <p class='ocr_par' dir='ltr' id='par_1_18' title="bbox 868 2621 2125 2746">
     <span class='ocr_line' id='line_1_33' title="bbox 868 2621 2125 2679; baseline -0.002 -14"><span class='ocrx_word' id='word_1_193' title='bbox 868 2626 993 2679; x_wconf 84' lang='lat' dir='ltr'>Quae</span> <span class='ocrx_word' id='word_1_194' title='bbox 1017 2622 1125 2664; x_wconf 90' lang='lat' dir='ltr'>mihi</span> <span class='ocrx_word' id='word_1_195' title='bbox 1148 2622 1301 2664; x_wconf 87' lang='lat' dir='ltr'>iuncta</span> <span class='ocrx_word' id='word_1_196' title='bbox 1324 2628 1419 2663; x_wconf 89' lang='lat' dir='ltr'>toro</span> <span class='ocrx_word' id='word_1_197' title='bbox 1442 2628 1524 2672; x_wconf 85' lang='lat' dir='ltr'>est,</span> <span class='ocrx_word' id='word_1_198' title='bbox 1549 2636 1650 2663; x_wconf 92' lang='lat' dir='ltr'>cum</span> <span class='ocrx_word' id='word_1_199' title='bbox 1674 2628 1781 2664; x_wconf 90' lang='lat' dir='ltr'>nata</span> <span class='ocrx_word' id='word_1_200' title='bbox 1807 2621 1968 2664; x_wconf 86' lang='lat' dir='ltr'>sufficit</span> <span class='ocrx_word' id='word_1_201' title='bbox 1992 2635 2125 2670; x_wconf 90' lang='lat' dir='ltr'>uxor;</span> 
     </span>
     <span class='ocr_line' id='line_1_34' title="bbox 929 2690 1847 2746; baseline -0.002 -12"><span class='ocrx_word' id='word_1_202' title='bbox 929 2693 1132 2746; x_wconf 90' lang='lat' dir='ltr'>Utraque</span> <span class='ocrx_word' id='word_1_203' title='bbox 1155 2691 1318 2733; x_wconf 89' lang='lat' dir='ltr'>servati</span> <span class='ocrx_word' id='word_1_204' title='bbox 1342 2705 1444 2746; x_wconf 89' lang='lat' dir='ltr'>pars</span> <span class='ocrx_word' id='word_1_205' title='bbox 1466 2691 1547 2733; x_wconf 85' lang='lat' dir='ltr'>fuit</span> <span class='ocrx_word' id='word_1_206' title='bbox 1573 2705 1661 2732; x_wconf 92' lang='lat' dir='ltr'>una</span> <span class='ocrx_word' id='word_1_207' title='bbox 1684 2690 1847 2746; x_wconf 86' lang='lat' dir='ltr'>gregis.</span> 
     </span>
    </p>

    <p class='ocr_par' dir='ltr' id='par_1_19' title="bbox 873 2759 2093 2808">
     <span class='ocr_line' id='line_1_35' title="bbox 873 2759 2093 2808; baseline -0.002 -6"><span class='ocrx_word' id='word_1_208' title='bbox 873 2762 1020 2802; x_wconf 86' lang='lat' dir='ltr'>Paene</span> <span class='ocrx_word' id='word_1_209' title='bbox 1042 2761 1194 2802; x_wconf 89' lang='lat' dir='ltr'>decem</span> <span class='ocrx_word' id='word_1_210' title='bbox 1220 2759 1412 2802; x_wconf 89' lang='lat' dir='ltr'>coniunx</span> <span class='ocrx_word' id='word_1_211' title='bbox 1436 2760 1593 2801; x_wconf 92' lang='lat' dir='ltr'>Lunae</span> <span class='ocrx_word' id='word_1_212' title='bbox 1616 2765 1928 2801; x_wconf 87' lang='lat' dir='ltr'>numeraverat</span> <span class='ocrx_word' id='word_1_213' title='bbox 1951 2759 2093 2808; x_wconf 86' lang='lat' dir='ltr'>orbes,</span> 
     </span>
    </p>
   </div>
   <div class='ocr_carea' id='block_1_3' title="bbox 980 2914 2329 3013">
    <p class='ocr_par' dir='ltr' id='par_1_20' title="bbox 980 2914 2329 3013">
     <span class='ocr_line' id='line_1_36' title="bbox 980 2914 2329 2959; baseline -0.001 -11"><span class='ocrx_word' id='word_1_214' title='bbox 980 2929 1031 2958; x_wconf 86' lang='lat'>53.</span> <span class='ocrx_word' id='word_1_215' title='bbox 1059 2918 1203 2949; x_wconf 85' lang='lat' dir='ltr'>Brachia</span> <span class='ocrx_word' id='word_1_216' title='bbox 1221 2928 1310 2949; x_wconf 85' lang='lat' dir='ltr'>nunc</span> <span class='ocrx_word' id='word_1_217' title='bbox 1328 2918 1489 2959; x_wconf 59' lang='lat' dir='ltr'>palmae]</span> <span class='ocrx_word' id='word_1_218' title='bbox 1535 2919 1599 2950; x_wconf 85' lang='lat' dir='ltr'>See</span> <span class='ocrx_word' id='word_1_219' title='bbox 1617 2918 1673 2949; x_wconf 87' lang='lat' dir='ltr'>the</span> <span class='ocrx_word' id='word_1_220' title='bbox 1693 2918 1856 2949; x_wconf 83' lang='lat' dir='ltr'>Homeric</span> <span class='ocrx_word' id='word_1_221' title='bbox 1875 2918 1991 2957; x_wconf 84' lang='lat' dir='ltr'>Hymn</span> <span class='ocrx_word' id='word_1_222' title='bbox 2010 2922 2045 2947; x_wconf 88' lang='lat' dir='ltr'>to</span> <span class='ocrx_word' id='word_1_223' title='bbox 2061 2914 2197 2956; x_wconf 87' lang='lat' dir='ltr'>Apollo,</span> <span class='ocrx_word' id='word_1_224' title='bbox 2215 2915 2236 2947; x_wconf 90' lang='lat' dir='ltr'>l.</span> <span class='ocrx_word' id='word_1_225' title='bbox 2259 2924 2329 2955; x_wconf 92' lang='lat'><em>117.</em></span> 
     </span>
     <span class='ocr_line' id='line_1_37' title="bbox 982 2970 2099 3013; baseline -0.003 -10"><span class='ocrx_word' id='word_1_226' title='bbox 982 2976 1033 3013; x_wconf 61' lang='lat'>725.</span> <span class='ocrx_word' id='word_1_227' title='bbox 1061 2973 1160 3012; x_wconf 61' lang='lat' dir='ltr'>Dea]</span> <span class='ocrx_word' id='word_1_228' title='bbox 1207 2973 1280 3004; x_wconf 77' lang='lat' dir='ltr'>&#39;l&#39;he</span> <span class='ocrx_word' id='word_1_229' title='bbox 1297 2973 1382 3003; x_wconf 87' lang='lat' dir='ltr'>river</span> <span class='ocrx_word' id='word_1_230' title='bbox 1401 2973 1483 3003; x_wconf 78' lang='lat' dir='ltr'>Dec.</span> <span class='ocrx_word' id='word_1_231' title='bbox 1533 2973 1639 3010; x_wconf 81' lang='lat' dir='ltr'>Deva,</span> <span class='ocrx_word' id='word_1_232' title='bbox 1659 2973 1690 3003; x_wconf 88' lang='lat' dir='ltr'>in</span> <span class='ocrx_word' id='word_1_233' title='bbox 1709 2972 1912 3013; x_wconf 89' lang='lat' dir='ltr'>Johnston&#39;s</span> <span class='ocrx_word' id='word_1_234' title='bbox 1928 2970 2099 3002; x_wconf 73' lang='lat' dir='ltr'>Encomia.</span> 
     </span>
    </p>
   </div>
   <div class='ocr_carea' id='block_1_4' title="bbox 2399 0 2594 3749">
    <p class='ocr_par' dir='ltr' id='par_1_21' title="bbox 2399 0 2594 3749">
     <span class='ocr_line' id='line_1_38' title="bbox 2399 0 2594 3749; baseline 0 0"><span class='ocrx_word' id='word_1_235' title='bbox 2399 0 2594 3749; x_wconf 95' lang='lat' dir='ltr'> </span> 
     </span>
    </p>
   </div>
  </div>
 </body>
</html>
