2594 3749
464 352 527 384 TO
561 351 755 384 ROBERT
788 351 969 393 BARON,
1004 352 1056 383 IN
1089 353 1438 387 CONDOLENCE.

281 470 457 512 Littora
479 468 681 511 futilibus
704 483 782 510 cur
803 483 886 522 ego
909 470 1048 511 bobus
1071 484 1192 511 arem
1211 471 1226 511 Ρ

221 541 357 581 Hunc
379 553 460 593 ego
483 553 597 593 pone
620 552 780 592 sequar
801 537 975 592 genitor
996 538 1250 592 pernicibus
1272 539 1368 589 alis,

279 608 360 649 Ille
382 607 494 662 fugit
518 607 642 648 nulla
665 606 967 648 restituendus
990 621 1084 660 ope.

220 676 425 725 Lumina,
450 675 629 726 Baroni,
655 675 850 717 lacrimis
873 677 978 716 dum
1003 675 1208 717 tristibus
1231 675 1404 730 imples,

279 747 413 787 Hunc
439 747 607 799 Regem
631 751 674 786 et
697 751 846 786 vatem
871 744 926 785 sit
951 744 1030 785 tibi
1055 759 1160 785 cura
1184 744 1323 798 sequi.

220 814 362 855 Prolis
384 815 440 856 ab
463 813 658 867 exequiis
680 813 769 854 iam
794 814 924 854 Luna
948 813 1137 854 retexuit
1163 814 1329 862 orbem,

276 883 429 933 Crede,
454 882 705 924 cicatricem
731 884 890 923 ducere
913 882 1076 923 vulnus
1099 889 1236 923 amat.

218 952 437 1006 Exemplo
460 953 536 993 sed
560 958 603 993 et
627 951 721 1006 ipse
743 958 821 993 tuo
843 951 924 993 tibi
947 951 1068 993 disce
1092 950 1270 998 mederi,

277 1022 426 1075 Rapta
449 1020 520 1062 cui
543 1020 688 1075 proles
716 1035 804 1062 non
829 1020 966 1062 semel
989 1027 1093 1062 ante
1116 1020 1213 1062 fuit.

216 1091 284 1131 Ah
308 1090 440 1140 cadit,
466 1090 522 1131 ah
545 1090 702 1140 fateor,
726 1089 806 1132 tibi
830 1089 903 1143 qui
927 1089 1008 1132 fuit
1033 1089 1192 1132 unicus
1215 1090 1358 1139 heres,

276 1160 476 1214 Spesque
499 1160 659 1201 domus
682 1173 869 1214 propero
891 1159 1042 1201 funere
1067 1174 1213 1201 mersa
1235 1159 1361 1201 iacet.

217 1229 303 1270 Sed
327 1234 522 1282 superat,
548 1235 814 1282 superetque
838 1243 1006 1283 precor,
1030 1228 1110 1271 tibi
1133 1229 1288 1270 florida
1311 1228 1520 1277 coniunx,

273 1296 432 1351 Tuque
455 1297 703 1339 iuventutis
725 1297 832 1338 flore
854 1297 1025 1339 virente
1048 1297 1177 1339 nites.

216 1367 305 1407 Ver
326 1365 448 1408 dabit
471 1366 693 1408 extinctos
717 1366 912 1408 infausto
936 1367 1077 1408 sidere
1100 1367 1246 1416 flores,

273 1435 485 1489 Quasque
507 1435 642 1485 fovet,
665 1435 807 1477 violas
830 1436 1017 1478 daedala
1039 1436 1192 1477 fundet
1217 1436 1395 1477 humus.

214 1503 335 1545 Vivit
359 1510 401 1545 et
426 1503 512 1554 hic,
536 1504 686 1546 vetulo
710 1505 878 1559 prolem
904 1505 977 1559 qui
1002 1512 1161 1559 pactus
1185 1506 1395 1554 Abramo,

272 1574 529 1615 Fecundam
554 1573 672 1615 laeto
695 1574 864 1616 semine
886 1574 989 1616 fecit
1013 1589 1164 1616 anum.

213 1643 342 1698 Quod
365 1649 491 1697 pater
515 1642 741 1685 Isacidum
767 1643 916 1691 coluit,
940 1651 988 1685 tu
1013 1645 1193 1685 Numen
1216 1645 1391 1694 adoras,

272 1712 409 1753 Sacra
432 1711 683 1753 ministerio
706 1712 823 1754 lucet
847 1719 889 1754 et
913 1727 990 1754 ara
1012 1720 1104 1755 tuo.

212 1781 350 1830 Adde,
375 1782 492 1834 quod
516 1787 697 1835 ereptus
721 1783 888 1823 mundo
912 1782 1184 1823 lactentibus
1207 1781 1338 1824 annis

273 1849 422 1900 Pusio,
447 1865 580 1904 quem
604 1850 755 1900 defles,
780 1851 851 1892 vix
873 1851 953 1893 tibi
977 1858 1109 1893 notus
1134 1858 1243 1893 erat.

214 1920 314 1961 Hoc
337 1919 468 1961 latuit
492 1927 623 1967 certe,
646 1934 834 1974 puerum
858 1935 970 1974 quae
992 1921 1085 1962 fata
1109 1926 1357 1970 manerent,

269 1990 369 2044 Quo
391 1989 533 2044 genio,
556 1990 719 2044 quibus
742 1996 785 2032 et
810 1991 1007 2032 moribus
1030 1991 1104 2032 ille
1126 1990 1251 2032 foret.

213 2059 314 2099 Non
338 2073 515 2113 semper
536 2059 703 2113 patrias
725 2059 920 2114 assurgit
945 2066 1079 2101 natus
1102 2059 1146 2100 in
1170 2065 1300 2107 artes,

270 2127 442 2181 Estque
465 2127 524 2182 pii
551 2128 698 2182 proles
719 2128 915 2183 pessima
938 2143 1071 2183 saepe
1095 2128 1247 2182 patris.

211 2196 407 2238 Annales
430 2196 582 2238 evolve
605 2203 718 2239 tuos.
781 2197 897 2252 Quid
920 2197 1119 2239 sanctius
1144 2197 1215 2238 Eli

270 2265 493 2314 praesule,
515 2265 619 2319 quid
643 2265 760 2308 natis
784 2266 909 2320 peius
932 2266 975 2307 in
999 2268 1103 2308 orbe
1125 2265 1241 2307 fuit?

213 2333 385 2375 Davide
409 2342 512 2376 sunt
535 2335 673 2389 geniti
697 2335 858 2390 plures,
881 2335 1021 2389 patris
1044 2335 1248 2377 aemulus
1272 2348 1387 2376 unus

270 2404 517 2451 Duntaxat,
539 2404 683 2458 patrio
706 2404 870 2459 dignus
892 2406 1060 2448 honore
1083 2404 1181 2446 frui.

213 2473 336 2514 Uxor
357 2479 400 2514 et
423 2473 692 2516 Abramidae
715 2481 782 2516 est
805 2474 965 2516 fratres
988 2473 1117 2515 enixa
1140 2472 1370 2527 gemellos,

270 2542 438 2584 Indolis
461 2549 505 2584 at
529 2543 700 2597 patriae
723 2545 916 2597 degener
937 2544 1051 2586 alter
1073 2550 1177 2585 erat.

211 2612 296 2652 Sed
320 2611 511 2653 similem
535 2612 616 2654 tibi
639 2613 756 2666 finge
779 2612 857 2661 tui,
880 2619 1007 2667 pater
1028 2612 1211 2666 optime,
1237 2617 1410 2660 natum,

269 2681 481 2722 Materies
504 2680 652 2723 luctus
675 2696 763 2723 non
786 2688 938 2723 tamen
963 2689 1067 2736 apta
1091 2687 1159 2722 sat
1183 2687 1264 2722 est.

209 2749 338 2791 Tune
360 2750 496 2800 doles,
518 2758 652 2793 natus
675 2757 885 2805 superato
908 2750 1083 2806 gurgite
1107 2749 1230 2804 ponti

224 2912 277 2942 32.
305 2904 415 2944 Rapta
431 2903 484 2935 cui
503 2903 644 2945 proles]
690 2908 708 2921 “
723 2903 819 2941 C1⁹21‚¹’
840 2914 878 2936 as
895 2904 1050 2945 frequent
1067 2903 1099 2933 in
1117 2902 1301 2943 Johnst0n‚
1318 2911 1393 2941 e.g.,
1414 2899 1558 2938 XLIII.²
1579 2898 1599 2928 1.
1617 2899 1669 2928 60.

223 2978 276 3012 53.
302 2970 422 3013 Uxor.]
470 2970 642 3010 Rebekah,
661 2971 738 3004 wife
755 2972 794 3004 of
807 2972 915 3005 Isaac,
933 2970 1066 3002 mother
1083 2970 1122 3001 of
1135 2970 1226 3001 Esau
1245 2967 1312 2999 and
1329 2966 1446 3009 Jacob.

1768 349 1849 402 267

1793 898 1845 936 30

1794 1587 1847 1626 40
