2594 3749
708 332 938 365 DEFENCE
971 333 1033 365 OF
1064 334 1096 366 A
1128 334 1222 365 FAT
1256 335 1471 368 PAUNCH.

419 448 568 491 Efficit
592 457 634 491 et
659 449 791 492 mites
814 451 909 493 sola
932 451 1088 506 sagina
1111 451 1242 494 feras.

360 519 458 561 Bile
481 527 632 562 carent
656 520 793 571 omni,
819 521 980 575 quibus
1002 528 1069 563 est
1093 522 1328 572 abdomen,
1353 530 1567 576 agrestes,

418 589 478 630 Et
501 603 597 638 sua,
623 588 659 630 si
683 589 844 643 pascis,
867 589 1057 632 fulmina
1083 590 1209 644 ponit
1236 604 1356 645 aper.

361 657 455 699 Nec
479 671 615 712 pecus
637 672 691 699 ex
713 665 841 712 rapto
863 658 987 708 vivit,
1012 660 1129 713 quod
1151 666 1298 713 turget
1321 673 1490 709 omaso,

418 725 642 780 Nullaque
665 740 766 768 cum
791 727 925 769 sociis
948 742 1026 782 pro
1049 729 1161 782 dape
1183 728 1299 770 bella
1320 728 1447 782 gerit.

359 795 454 837 Nec
477 795 609 837 struit
632 794 832 846 insidias,
857 810 954 846 nec,
979 796 1186 850 quamvis
1208 797 1382 838 laedere
1403 804 1565 847 tentes,

417 862 648 914 Calcitrat‚
673 871 750 906 aut
772 864 896 906 nulla
918 864 1115 907 vindicat
1138 871 1232 907 arte
1254 865 1394 907 nefas.

358 933 416 974 At
439 932 601 986 quibus
623 932 826 975 informis
850 933 1017 976 macies
1039 933 1296 989 depascitur
1318 941 1456 983 artus,

418 1001 568 1043 Effera
590 1008 708 1052 sunt,
733 1001 824 1044 irae
847 1002 1011 1052 dedita,
1036 1002 1169 1057 plena
1191 1002 1321 1046 dolis.

361 1070 462 1113 Hoc
485 1070 609 1113 canis
631 1070 810 1126 ingenio
833 1078 914 1121 est,
938 1079 980 1114 et
1005 1071 1124 1127 lynx,
1149 1078 1192 1114 et
1215 1071 1412 1126 pessima
1433 1070 1576 1126 tigris,

416 1139 754 1195 Accipitresque
779 1148 944 1192 truceS,
969 1141 1063 1183 ales
1089 1148 1132 1183 et
1159 1141 1253 1196 ipse
1282 1141 1417 1183 Iovis.

363 1209 555 1259 Horum,
579 1211 708 1251 crede
731 1210 856 1260 mihi,
881 1224 1028 1252 mores
1050 1209 1267 1260 imitatur,
1291 1217 1334 1252 et
1357 1217 1492 1258 artes,

416 1277 631 1333 Quisquis
653 1280 708 1321 ab
733 1280 890 1334 Iapeto
913 1286 1107 1322 stemma
1130 1287 1314 1334 parente
1335 1279 1489 1321 trahit.

361 1347 506 1388 Frons
527 1347 682 1390 hilaris
704 1348 857 1403 pingui
881 1356 975 1399 est;
1011 1349 1178 1392 macies
1202 1364 1333 1404 quem
1357 1355 1509 1404 turpat
1534 1349 1680 1399 anilis,

419 1416 582 1459 Nescio
605 1417 710 1471 quid
733 1419 869 1460 durae
891 1417 1148 1460 tetricitatis
1170 1418 1320 1461 habet.

361 1484 442 1526 Ille
465 1498 545 1527 nec
569 1485 709 1528 ambit
732 1501 854 1541 opes,
879 1501 960 1529 nec
981 1487 1186 1529 tristibus
1208 1494 1384 1529 aestuat
1408 1486 1498 1537 iris,

417 1556 506 1596 Aut
530 1554 669 1604 odiis;
704 1570 832 1597 mens
858 1555 961 1598 huic
989 1556 1166 1598 sordida
1192 1556 1292 1598 felle
1315 1562 1473 1598 tumet.

360 1622 441 1664 Ille
465 1637 545 1665 nec
569 1623 736 1666 invidia
758 1625 948 1679 squalet,
972 1640 1053 1668 nec
1077 1626 1213 1680 pallet
1236 1639 1414 1675 amore3

419 1693 614 1734 Decolor
634 1700 702 1735 est
725 1693 798 1735 isti
822 1694 1038 1749 nigraque
1060 1701 1156 1737 tota
1179 1694 1310 1737 cutis.

360 1761 564 1804 Candida
587 1776 715 1804 mens
737 1762 892 1818 pingui
915 1770 998 1814 est,
1022 1763 1262 1806 macilento
1289 1763 1466 1813 callida,
1491 1778 1647 1818 pacem

416 1831 542 1872 Alter
563 1839 700 1881 amat,
725 1832 847 1887 cupit
870 1832 942 1875 hic
966 1832 1123 1887 iurgia,
1148 1833 1278 1883 bella,
1303 1847 1450 1875 neces.

362 1900 610 1954 pinguibus
632 1901 839 1944 obiicitur
861 1902 1045 1957 proiecti
1069 1902 1245 1945 sarcina
1267 1901 1450 1952 ventris,

417 1969 627 2024 Vitaque‚
651 1971 866 2026 segnities
889 1986 1023 2026 quam
1047 1972 1302 2022 comitatur,
1327 1971 1462 2014 iners.

361 2039 463 2080 Non
486 2039 549 2081 ita
572 2046 676 2081 sunt
700 2040 853 2094 agiles,
879 2040 1036 2091 fateor,
1060 2040 1409 2096 praepinguibus
1431 2048 1570 2090 artus,

416 2108 504 2150 Sed
526 2115 679 2151 tamen
703 2109 745 2151 id
769 2109 948 2152 laudern
972 2111 1088 2164 quod
1113 2117 1338 2152 mereatur
1359 2110 1509 2152 habet.

359 2176 445 2231 Qui
469 2177 634 2232 populo
657 2178 765 2220 dant
789 2177 899 2228 iura,
925 2179 1095 2229 sedent,
1120 2178 1386 2232 animusque
1413 2178 1608 2220 sedendo

419 2245 491 2288 Fit
515 2246 712 2301 sapiens,
737 2255 888 2290 motus
910 2255 977 2290 est
1001 2263 1179 2303 quoque
1202 2255 1323 2290 meta
1345 2247 1484 2302 quies.

359 2315 552 2370 Adspice
575 2316 837 2359 naucleros:
872 2317 944 2359 hic
970 2324 1242 2372 tempestate
1268 2325 1420 2359 coorta

417 2385 530 2428 Vela
553 2385 674 2441 legit,
699 2385 862 2429 nimias
886 2387 1023 2442 egerit
1048 2387 1160 2429 alter
1181 2401 1336 2441 aquas.

362 2455 567 2497 Pervolat
591 2462 814 2498 antennas
837 2471 941 2511 pars
963 2456 1090 2507 haec,
1114 2470 1217 2512 pars
1239 2455 1315 2498 illa
1338 2456 1548 2497 rudentes

418 2523 642 2578 Explicat,
667 2524 712 2566 in
736 2524 895 2567 mediis
917 2525 1104 2567 cursitat
1128 2539 1217 2567 una
1239 2524 1359 2566 foris.

358 2593 537 2635 Arduus
559 2595 614 2635 ad
637 2593 814 2636 clavum
838 2601 983 2636 rector
1005 2595 1128 2636 sedet
1151 2593 1245 2649 ipse
1269 2593 1462 2648 quietUS‚

416 2663 638 2716 Astraque
660 2669 955 2717 prospectans
977 2661 1126 2716 dirigit
1149 2668 1244 2703 arte
1265 2668 1423 2703 ratem.

359 2730 535 2786 Quique
557 2737 733 2785 praeest
757 2731 887 2781 bello,
911 2731 1033 2774 iubet
1055 2731 1181 2772 illum
1206 2731 1418 2772 scandere
1442 2744 1592 2771 muros

418 2798 570 2850 Ocius,
594 2799 714 2842 hunc
737 2800 874 2842 alacri
898 2814 1074 2842 sumere
1096 2800 1187 2842 tela
1209 2813 1362 2842 manu.

397 2957 449 2988 35.
477 2947 593 2989 Linx.]
639 2947 686 2980 So
703 2948 736 2979 in
754 2946 806 2981 ed.
829 2948 892 2990 ⁷37.
941 2947 1104 2990 Properly
1130 2947 1277 2989 “lynx‚”
1306 2957 1344 2979 as
1361 2947 1445 2978 after
1462 2946 1519 2978 the
1536 2945 1647 2977 Greek
1665 2944 1758 2985 λύγξ.

1908 340 1990 380 309

1937 743 1991 782 30

1939 1430 1994 1471 40

1939 2797 1993 2838 60
