2594 3749
782 296 940 329 ELEGv
973 296 1041 327 ΟΝ
1074 296 1226 337 JAMES
1260 297 1285 329 1.
1879 289 1933 347 89

131 908 211 949 IX.
250 907 491 949 ELEGIA
523 907 588 948 IN
623 907 874 950 OBITUM
911 909 1124 952 IACOBI
1159 910 1434 953 PACIFICI
1469 911 1733 953 MAGNAE
1767 911 1934 953 ERIT-

301 988 560 1037 ANNIAE,
599 988 920 1030 FRANCIAE
957 989 1038 1030 ET
1078 990 1446 1032 HIBERNIAE
1484 992 1691 1041 REGIS,
1736 992 1934 1034 FIDEI-

303 1068 435 1124 QUE
476 1069 896 1112 DEFENSORIS.

304 1207 424 1261 Ergo
446 1206 596 1249 iaces?
628 1222 709 1249 nee
731 1214 776 1249 te
798 1208 942 1262 pietas
965 1215 1058 1259 tua,
1085 1210 1277 1252 maxime
1303 1211 1493 1265 Regum,

360 1278 454 1318 Nec
477 1277 628 1332 populi
652 1284 729 1319 aut
753 1293 985 1332 procerum
1010 1279 1262 1321 sustinuere
1285 1281 1470 1335 preces?

302 1345 376 1387 Nil
399 1360 487 1388 non
512 1361 643 1400 posse
669 1348 790 1388 Deos
812 1347 967 1398 fateor,
993 1363 1073 1389 nec
1098 1349 1307 1391 machina
1331 1348 1442 1391 caeli

359 1416 406 1457 Si
429 1423 543 1466 ruat,
568 1415 612 1456 in
635 1415 759 1457 litem
785 1417 984 1459 Numina
1008 1425 1165 1460 saneta
1187 1419 1381 1461 traham.

303 1484 430 1526 Flere
452 1491 605 1526 tamen
630 1485 698 1526 fas
721 1492 814 1527 est:
850 1500 937 1527 non
962 1501 1031 1528 me
1058 1488 1292 1541 Magnesia
1315 1503 1448 1543 rupes

362 1554 567 1605 Protulit,
595 1555 835 1610 Hyrcanae
859 1570 939 1598 nec
962 1571 1154 1610 genuere
1177 1557 1328 1611 tigres.

302 1624 396 1665 Nee
419 1623 454 1665 si
478 1638 587 1678 rupe
609 1624 762 1674 forem,
789 1625 1000 1679 Scythica
1022 1625 1090 1666 vel
1112 1626 1286 1680 tigride,
1311 1633 1459 1677 natus,

359 1694 460 1735 Hoc
483 1699 591 1747 puto
614 1707 685 1735 me
708 1693 838 1736 siccis
861 1708 1040 1736 cernere
1063 1710 1194 1749 posse
1217 1695 1358 1750 genis.

302 1761 389 1804 Hei
414 1762 538 1813 mihi,
563 1777 642 1816 pro
667 1762 877 1813 Domino,
905 1764 1088 1805 Domini
1112 1778 1230 1806 nune
1255 1765 1480 1808 cernimus
1503 1780 1687 1817 urnam;

358 1832 592 1886 Quemque
615 1838 787 1886 patrem
812 1832 984 1886 patriae
1007 1832 1215 1882 diximus,
1241 1835 1399 1877 umbra
1421 1849 1543 1877 mera
1566 1842 1648 1877 est.
1886 1849 1938 1877 10

302 1901 397 1942 Nec
419 1906 571 1941 tamen
595 1900 678 1941 hoc
702 1901 953 1954 querimur:
988 1901 1063 1943 leti
1087 1902 1202 1956 rapit
1226 1902 1422 1957 impetus
1444 1918 1614 1955 omnes,

360 1968 582 2011 Omnibus
605 1976 671 2010 est
698 1969 840 2024 Stygii
865 1971 1024 2025 cymba
1047 1973 1289 2025 premenda
1314 1972 1447 2014 senis.

300 2037 524 2091 Tempora
547 2037 777 2087 deflemus,
802 2038 1087 2093 celerataque
1110 2039 1267 2082 funera
1293 2041 1456 2095 Regis;

359 2107 460 2148 Non
484 2107 546 2149 ita
570 2114 745 2149 mature
768 2108 920 2150 debuit
944 2108 1017 2150 ille
1042 2109 1167 2151 mori.

301 2176 417 2217 Ante
440 2177 691 2218 domandus
719 2183 828 2226 erat,
853 2177 987 2218 toties
1011 2178 1084 2231 qui
1109 2178 1292 2229 luserat,
1317 2179 1474 2229 hostis,

358 2246 474 2287 Ante
497 2245 687 2288 levanda
710 2261 791 2288 suo
814 2247 929 2288 colla
958 2247 1160 2289 Bohema
1183 2247 1299 2302 iugo.

302 2315 512 2368 Nataque
536 2329 637 2357 curn
660 2330 838 2370 genero,
863 2316 1100 2371 parvisque
1124 2318 1374 2372 nepotibuS,
1399 2319 1498 2361 exul

357 2384 474 2425 Ante
498 2383 591 2425 suis
614 2384 784 2426 laribus
806 2384 1083 2427 restituenda
1106 2385 1203 2428 fuit.

304 2452 435 2494 Mens
457 2459 551 2494 erat
575 2452 685 2494 haee
707 2453 798 2503 illi;
832 2453 1061 2508 morbique
1084 2454 1250 2497 oblitus
1273 2462 1315 2497 et
1339 2455 1450 2505 aevi,

360 2522 637 2576 Exspectata
659 2521 733 2564 diu
758 2530 1010 2578 sumpserat
1035 2537 1160 2566 arma
1183 2538 1333 2566 senex.
1884 2540 1937 2569 20

303 2591 389 2632 Sed
411 2591 517 2632 dum
541 2591 657 2633 bella
679 2605 858 2646 parans,
883 2591 1002 2634 acies
1027 2599 1235 2647 terraque
1258 2593 1458 2648 marique

362 2659 566 2710 Instruit,
590 2660 692 2711 heu,
715 2660 832 2702 tristi
855 2661 1009 2703 funere
1032 2675 1207 2704 mersus
1229 2662 1335 2705 obit.

247 2796 296 2827 16.
323 2795 421 2827 Colla
435 2796 617 2836 Bohema.]
655 2796 730 2828 The
743 2797 883 2828 father's
897 2797 1113 2829 callousness
1131 2807 1169 2829 as
1185 2804 1222 2829 to
1240 2798 1406 2830 Bohemia
1417 2809 1488 2830 was
1505 2808 1525 2831 a
1541 2799 1613 2831 blot
1624 2799 1699 2831 that
1712 2806 1786 2832 eost
1800 2800 1941 2832 Chai-les

131 2848 198 2881 and
221 2849 280 2881 the
304 2851 420 2881 Stuart
444 2849 591 2891 dynasty
615 2850 705 2882 dear.
753 2852 817 2883 See
842 2851 899 2883 Ar.
925 2852 1072 2890 Wilson,
1095 2863 1149 2893 pp.
1173 2862 1244 2891 142,
1272 2861 1343 2892 192,
1362 2863 1407 2883 on
1432 2853 1490 2884 the
1514 2853 1583 2885 fate
1606 2854 1646 2885 of
1664 2854 1722 2886 the
1745 2855 1941 2887 son-in-law

132 2904 297 2944 ofJames
315 2905 354 2941 1.‚
370 2904 448 2936 who
465 2904 591 2945 proved
608 2914 650 2936 an
668 2905 735 2937 odd
757 2905 959 2947 “Defender
978 2907 1018 2937 of
1030 2907 1088 2937 the
1108 2907 1207 2938 Faith
1223 2907 1251 2939 ”.
1301 2907 1371 2949 (Cf.
1392 2908 1460 2939 line
1479 2909 1565 2948 128.)

1020 2963 1050 2993 M

16 2756 20 2920 ᾤ*-
12 2163 19 2744 -,,,-.--.-,---Α
