2594 3749
685 339 917 372 DEFENCE
949 340 1012 372 OF
1043 341 1073 372 A
1107 341 1200 372 FAT
1236 342 1450 374 PAUNCH.

400 457 573 506 Induat,
598 462 674 498 aut
697 457 834 499 funda
857 457 1043 511 grandia
1067 472 1174 500 saxa
1197 465 1326 500 rotet.

341 527 537 580 Quaerat
563 525 827 581 Olympiaco
849 540 959 580 gens
983 526 1091 568 haee
1115 526 1159 568 in
1183 528 1362 582 pulvere
1387 528 1579 579 laurum,

398 595 486 636 Aut
509 594 636 636 lauru
661 594 696 636 si
721 594 825 649 quid
851 594 996 636 maius
1021 596 1242 650 Olympus
1264 597 1414 640 habet.

342 664 436 704 Ista
459 664 616 704 decent
639 663 825 704 validos.
890 663 1032 705 Nobis
1054 670 1158 705 sunt
1182 664 1361 719 publica
1384 679 1489 708 cura

402 731 573 781 Munia,
598 745 679 773 nos
701 737 891 785 poscunt
915 733 1098 786 templa,
1124 733 1288 788 Lycea,
1313 734 1472 776 forum.

345 800 580 854 Virgineas
603 800 793 842 colimus
817 800 968 855 populi
993 801 1088 843 sine
1110 801 1277 844 viribus
1300 809 1434 853 artes,

402 869 613 923 Quasque
636 868 787 909 iubent
814 870 986 918 Musae,
1012 883 1213 924 quasque
1239 870 1440 912 Minerva
1463 870 1602 924 sequi.

345 938 450 979 Vita
473 937 650 991 quidem
675 937 827 992 pingui
851 937 996 979 brevis
1019 944 1084 979 est
1103 953 1112 987 ;
1146 939 1433 991 agnoscimus
1456 939 1586 989 ultro,

405 1006 492 1048 Sed
515 1005 689 1047 fatuum
713 1013 780 1047 est
803 1006 921 1047 vitae
944 1007 997 1047 de
1020 1006 1238 1048 brevitate
1266 1007 1403 1061 queri.

348 1075 452 1116 Vita
474 1089 616 1129 genus
639 1074 770 1116 stadii
794 1081 876 1124 est,
901 1081 943 1116 et
967 1075 1148 1129 plenum
1172 1074 1382 1118 fluctibus
1405 1090 1586 1130 aequor,

405 1142 564 1185 Cernis
586 1149 630 1184 et
653 1142 724 1184 hic
747 1144 884 1184 durus
907 1157 1021 1197 quae
1048 1143 1167 1185 mala
1195 1158 1344 1186 carcer
1365 1144 1514 1186 habet.

350 1211 449 1262 Dic,
475 1211 574 1266 quis
596 1213 651 1254 ad
676 1211 775 1253 Elei
799 1218 966 1254 metam
990 1213 1096 1254 dum
1119 1213 1261 1254 tendit
1285 1213 1490 1264 anhelus,

408 1282 465 1323 Se
489 1295 621 1322 cursu
644 1280 790 1322 socios
813 1281 1096 1323 antevolasse
1119 1282 1236 1323 dolet
1256 1282 1272 1323 Ρ

352 1348 518 1391 Navita
540 1363 620 1391 nec
644 1356 827 1399 moeret,
850 1348 996 1391 ventis
1022 1349 1058 1390 si
1085 1349 1214 1404 pulsa
1242 1350 1463 1400 secundis,

410 1419 497 1472 Spe
520 1417 652 1459 citius
675 1424 852 1472 portum
874 1417 992 1459 fessa
1015 1418 1167 1460 carina
1191 1418 1325 1460 subit.

354 1487 448 1527 Nec
472 1486 560 1528 cito
580 1493 624 1528 te
647 1486 843 1541 quereris
865 1492 1059 1528 tractum
1083 1488 1136 1529 de
1160 1488 1348 1529 carceris
1372 1489 1543 1538 umbra,

410 1557 498 1597 Aut
522 1555 710 1596 nimium
734 1569 921 1610 propera
943 1555 1091 1597 vincla
1114 1556 1261 1598 soluta
1284 1571 1436 1599 manu.

355 1624 460 1666 Sola
483 1624 637 1665 Venus
664 1630 880 1678 superest,
904 1638 991 1678 qua
1014 1638 1095 1666 nos
1118 1639 1382 1679 superamur
1403 1627 1457 1668 ab
1480 1625 1582 1677 illis,

414 1693 499 1749 Qui
523 1693 713 1735 maciem
736 1700 864 1735 tanta
886 1693 1100 1748 religione
1127 1695 1295 1737 colunt.

357 1762 587 1819 Quantula
609 1762 707 1804 laus
730 1762 840 1804 haec
863 1763 962 1804 est?
1027 1763 1190 1804 Veneri
1214 1763 1250 1805 si
1273 1763 1422 1806 debita
1444 1764 1542 1806 laus
1566 1770 1649 1814 est,

413 1831 478 1873 Te
502 1831 767 1873 laudabilior
789 1846 890 1873 cum
914 1846 1023 1873 cane
1046 1838 1202 1873 taurus
1226 1832 1322 1874 erit.

358 1902 446 1944 Sed
469 1915 550 1943 nec
573 1900 828 1955 aqualiculo
853 1901 1040 1943 Veneris
1062 1901 1355 1956 restinguitur
1378 1903 1455 1944 ulli

418 1970 639 2020 Flamma,
664 1984 745 2012 nec
767 1969 811 2011 in
835 1970 988 2025 pingui
1012 1984 1194 2025 corpore
1216 1970 1345 2025 friget
1369 1986 1507 2013 amor.

360 2039 561 2082 Nitimur
582 2039 798 2094 exemplis
820 2054 1002 2094 regum;
1036 2039 1107 2081 cui
1130 2039 1322 2094 plurima
1345 2040 1491 2082 cervix

420 2108 604 2163 Pinguis
626 2115 735 2159 erat,
761 2108 920 2151 Claudi
948 2115 1115 2162 quanta
1141 2108 1275 2151 libido
1298 2108 1413 2151 fuit?

361 2180 700 2232 Ventrosusque
725 2178 843 2219 Nero
867 2177 1016 2228 simul,
1040 2184 1083 2219 et
1107 2177 1291 2220 cervicis
1315 2177 1505 2233 opimae,

420 2247 544 2288 Mille
566 2247 696 2301 lupas
718 2246 870 2296 fertur,
896 2246 1016 2288 mille
1040 2245 1192 2288 iniisse
1215 2261 1376 2289 mares.

363 2318 510 2372 Quam
532 2315 686 2370 genuit
709 2321 837 2370 pater
857 2315 973 2357 inter
994 2329 1148 2369 aquas,
1173 2315 1358 2358 humore
1381 2316 1563 2358 refertos

422 2387 482 2427 Et
505 2384 625 2428 succi
649 2385 820 2440 plenos,
845 2392 989 2427 mater
1009 2385 1186 2427 Amoris
1208 2393 1346 2427 amat.

367 2456 506 2497 Poma
529 2454 628 2510 quis
651 2454 802 2497 enasci
826 2462 976 2510 sperat
999 2456 1052 2497 de
1075 2454 1226 2509 stipite
1251 2454 1401 2497 sicco?

424 2525 623 2579 Quemve
646 2530 793 2578 potest
817 2523 996 2566 laticem
1019 2524 1201 2565 fundere
1223 2525 1332 2565 dura
1355 2523 1496 2565 silex?

369 2594 490 2635 Pone
513 2593 801 2648 supercilium
825 2593 913 2635 iam
937 2594 1135 2643 tandem,
1159 2592 1298 2642 Zoile,
1323 2607 1453 2647 parce

427 2663 600 2705 Rodere
622 2668 808 2704 naturae
832 2662 1098 2704 luxuriantis
1120 2676 1246 2716 opus.

368 2731 415 2774 Si
439 2731 542 2785 quid
565 2731 704 2774 habes
727 2731 906 2781 mentis,
930 2730 1083 2785 pingui
1107 2731 1168 2772 nil
1192 2729 1420 2785 pulchrius
1443 2729 1557 2779 alvo,

427 2801 486 2842 Et
509 2800 570 2842 nil
593 2800 786 2853 strigosa
807 2800 982 2855 turpius
1004 2814 1100 2842 esse
1124 2807 1247 2854 puta.

1886 345 1961 386 311

1894 883 1975 912 100

1906 1571 1985 1599 110
