2594 3749
680 363 760 407 140
1453 365 1692 398 PARERGA.

1535 447 1559 468 s

671 891 826 934 XXII.
874 893 1194 936 APOLOGIA
1239 895 1360 937 PRO
1405 894 1640 938 NAUTIS
1683 895 2156 947 LETHENSIBUS,
2199 898 2283 939 AD
2328 898 2469 942 PAU-

844 973 981 1015 LUM
1023 974 1414 1017 MENNESIUM
1456 975 1752 1030 EQUITEM
1792 975 2123 1026 AURATUM,
2159 977 2468 1021 PRAEFEC-

841 1052 979 1097 TUM
1013 1055 1562 1098 ABREDONENSEM.

840 1191 957 1247 Quid
979 1192 1059 1235 tibi
1082 1207 1183 1235 cum
1207 1194 1379 1248 pelago,
1407 1194 1610 1237 Mennesi
1631 1195 1648 1236 ?
1682 1194 1855 1249 legibus
1878 1194 2032 1249 aequis

898 1261 1031 1303 Fulta
1054 1261 1158 1315 quid
1181 1261 1225 1303 in
1248 1268 1411 1304 nautas
1434 1264 1537 1305 urbs
1559 1269 1637 1305 tua
1660 1263 1768 1305 iuris
1790 1263 1958 1306 habet?

839 1329 966 1379 Sunt,
992 1329 1151 1383 quibus
1174 1330 1415 1385 imperites,
1440 1331 1595 1386 liquidi
1618 1346 1719 1374 curn
1744 1332 1971 1375 montibus
1993 1347 2173 1375 amnes:

894 1398 1110 1452 Aequoris
1133 1413 1352 1453 aequoreo
1375 1399 1471 1442 iura
1493 1400 1694 1455 relinque
1719 1402 1831 1443 Deo.

838 1467 1116 1521 Supplicium
1141 1468 1176 1510 si
1200 1470 1317 1523 quod
1340 1470 1501 1512 meruit
1530 1470 1760 1525 Neptunia
1787 1470 1947 1526 proles,

895 1537 982 1579 Hic
1005 1538 1117 1592 gerit
1141 1538 1288 1580 ultrici
1311 1539 1401 1582 tela
1423 1539 1608 1582 trisulca
1630 1555 1782 1583 manu.

835 1604 880 1646 Si
904 1611 1056 1648 tamen
1080 1607 1124 1648 in
1148 1607 1334 1662 pelagus
1357 1607 1426 1650 ius
1449 1615 1516 1650 est
1540 1609 1634 1660 tibi,
1659 1609 1842 1651 nautica
1865 1609 2004 1664 pubes

891 1675 985 1725 Sat,
1010 1677 1146 1718 decus
1169 1683 1212 1718 et
1235 1677 1401 1719 famam
1426 1692 1512 1732 quo
1535 1684 1729 1729 tueatur,
1753 1678 1902 1720 habet.

835 1744 962 1798 Quod
987 1745 1132 1787 scelus
1154 1746 1385 1789 obiectas?
1422 1747 1620 1790 Letheae
1642 1748 1759 1790 furta
1782 1747 1959 1790 carinae

893 1812 1087 1864 Scilicet,
1112 1819 1155 1855 et
1179 1814 1322 1868 plenis
1345 1815 1508 1857 hausta
1533 1815 1724 1858 Falerna
1747 1815 1880 1858 cadis.
2409 1830 2461 1859 10

837 1881 962 1922 Haec
985 1881 1104 1923 cives
1125 1882 1287 1924 delicta
1308 1890 1468 1925 vocent
1486 1900 1494 1925 ε
1529 1883 1624 1926 sine
1646 1884 1830 1926 crimine
1852 1884 1922 1926 fur
1942 1890 2025 1934 est,

891 1949 1157 1992 Caeruleum
1182 1950 1384 2006 quisquis
1406 1966 1485 2006 per
1507 1966 1628 1994 mare
1649 1952 1749 1994 vela
1771 1952 1893 2006 regit.

834 2017 1011 2059 Primus
1033 2018 1274 2073 inexpertis
1297 2034 1434 2062 ausus
1456 2021 1560 2062 dare
1584 2020 1722 2063 lintea
1743 2021 1901 2070 ventis,

890 2087 1034 2140 Seque
1059 2087 1194 2128 maris
1221 2089 1351 2129 dorso
1378 2090 1570 2139 credere,
1595 2091 1760 2143 praedo
1785 2088 1882 2130 fuit.

831 2155 977 2196 Aurea
1002 2155 1192 2210 Phryxei
1216 2156 1388 2209 pecoris
1410 2157 1663 2211 gestamina
1686 2157 1856 2200 Colcho

888 2223 1099 2274 Abstulit,
1124 2224 1299 2278 Argivis
1321 2224 1622 2280 imposuitque
1644 2225 1794 2267 tholis.

833 2291 981 2345 Rapta
1003 2299 1155 2334 tamen
1178 2293 1325 2335 nullas
1348 2301 1604 2336 meruerunt
1627 2295 1790 2336 vellera
1813 2308 1995 2349 poenas,

889 2361 1059 2402 Praedo
1081 2375 1162 2402 nec
1185 2362 1426 2404 obstrictus
1448 2362 1632 2404 crimine
1655 2363 1828 2419 Tiphys
1851 2370 1959 2405 erat.

831 2429 917 2470 Sed
941 2429 1042 2470 tulit
1066 2429 1136 2471 hic
1160 2429 1315 2472 laudes
1337 2431 1540 2485 generosi
1565 2432 1762 2486 praemia
1783 2431 1904 2482 facti,

888 2498 1011 2539 Inter
1031 2505 1074 2540 et
1097 2499 1256 2540 heroas
1279 2499 1425 2542 nobile
1448 2514 1610 2542 nomen
1633 2500 1783 2542 habet.
2404 2513 2458 2542 20

829 2566 1016 2620 Quaque
1038 2567 1296 2618 vehebatur,
1321 2583 1438 2610 nunc
1461 2569 1635 2610 caelum
1660 2569 1840 2623 navigat
1864 2570 1996 2623 Argo,

887 2635 1094 2689 Explicat
1117 2643 1159 2678 et
1183 2637 1337 2679 novies
1359 2637 1554 2692 quinque
1578 2652 1735 2680 serena
1755 2638 1891 2680 faces.

792 2768 820 2791 1.
847 2760 1032 2801 Mennesi.]
1076 2761 1151 2794 The
1177 2763 1319 2795 Provost
1342 2763 1382 2795 of
1402 2763 1580 2796 Aberdeen
1604 2769 1696 2795 must
1719 2764 1805 2796 have
1829 2763 1914 2796 been
1938 2773 1958 2795 a
1981 2773 2060 2795 man
2084 2763 2124 2795 of
2142 2762 2282 2802 culture,
2310 2767 2346 2794 to
2369 2763 2456 2795 have

653 2812 799 2844 relished
815 2823 852 2845 or
868 2824 952 2845 even
970 2814 1178 2847 understood
1195 2816 1263 2847 this
1281 2817 1422 2858 Epistle.

771 2868 820 2898 16.
845 2868 1007 2909 Argivis]
1054 2870 1144 2901 Here
1169 2871 1292 2912 simply
1318 2875 1337 2889 “
1353 2871 1500 2903 Grecian
1515 2872 1546 2903 ’‘.
1594 2871 1775 2913 Thessaly,
1793 2878 1852 2903 not
1876 2872 1988 2913 Argos
2012 2881 2144 2912 proper,
2168 2880 2238 2902 was
2263 2870 2453 2902 associated
2518 2920 2520 2922 v

653 2922 733 2953 with
751 2923 808 2954 the
825 2923 870 2953 Ar
897 2933 928 2954 ο.

769 2986 820 3009 22.
847 2934 979 3021 Fices]
1034 2979 1171 3012 Instead
1189 2981 1228 3011 os
1242 2990 1294 3021 45,
1312 2983 1351 3021 64
1371 2981 1398 3013 is
1421 2992 1498 3013 now
1515 2982 1614 3024 given
1632 2992 1669 3014 as
1687 2982 1744 3014 the
1761 2981 1901 3012 number
1918 2981 1957 3013 of
1969 2986 2056 3012 stars
2073 2980 2193 3011 visible
2210 2979 2243 3010 in
2262 2979 2366 3020 Argo.
