2594 3749
666 291 746 322 1119
779 291 1003 324 LAWSUIT
1035 291 1098 322 AT
1133 292 1363 323 MALINES.
1835 297 1914 338 119

110 410 236 451 XVI.
281 409 521 450 ELEGIA
556 409 640 449 AD
677 408 1314 451 REVERENDISSIMUM
1350 408 1432 449 ET
1465 410 1913 452 AMPLISSIMUM

282 478 494 519 VIRUM
537 478 593 518 D.
634 477 994 520 PHILIPPUM
1040 475 1296 526 IONART,
1335 477 1807 521 CONSILIARIUM
1850 480 1914 520 IN

283 547 481 589 CURIA
516 546 1015 589 MECHLINIENSI.

285 662 450 704 Omnia
472 676 590 704 nunc
614 662 773 712 rident,
797 675 886 711 aer,
911 675 1048 711 mare,
1073 661 1232 711 sidera,
1257 661 1405 711 tellus,

341 731 563 787 Quicquid
587 737 630 772 et
652 731 874 773 immenso
899 731 1107 773 Phoebus
1130 731 1174 772 in
1197 732 1302 773 orbe
1322 729 1458 772 videt.

284 800 416 842 Solus
438 814 532 853 ego,
555 801 660 842 dum
685 800 800 842 veris
823 800 914 854 agit
937 814 1052 842 nova
1075 799 1240 854 gaudia
1263 800 1473 849 mundus,

343 870 546 911 Moestus
569 869 614 910 in
638 869 791 923 ignota
814 870 1023 924 plangere
1047 883 1180 923 cogor
1201 868 1355 911 humo.

285 939 359 980 Sol
383 946 518 988 meat,
543 946 586 980 et
609 945 793 989 remeat,
818 953 1034 993 magnum
1058 939 1163 980 dum
1188 937 1344 980 circuit
1367 939 1535 988 orbem,

344 1007 491 1050 Unica
515 1022 585 1049 me
607 1008 756 1058 tellus,
781 1022 862 1050 nec
886 1022 1001 1057 mea,
1026 1022 1201 1062 semper
1223 1007 1371 1049 habet.

286 1079 471 1134 Quoque
495 1077 639 1131 magis
661 1078 852 1127 doleam,
877 1078 978 1119 lites
1001 1077 1095 1119 sine
1118 1078 1206 1119 fine
1230 1078 1465 1131 modoque,

343 1147 507 1189 Nescio
531 1162 644 1201 quae
669 1147 892 1197 Nemesis,
918 1149 994 1190 sed
1018 1147 1167 1189 minus
1190 1161 1348 1201 aequa,
1373 1152 1536 1189 movet.

285 1216 492 1258 Iustitiae
515 1216 589 1270 qui
612 1217 736 1258 frena
759 1217 891 1271 regis,
918 1218 1113 1266 Ionarte,
1138 1216 1289 1259 clienti

343 1285 537 1340 Porrige,
562 1287 667 1327 dum
692 1285 845 1340 spirat,
871 1301 1005 1340 quam
1031 1293 1158 1340 potes
1181 1300 1312 1335 unus,
1337 1299 1481 1339 opem.
1870 1298 1921 1326 10

285 1354 437 1396 Serius
460 1354 674 1396 auxilium
698 1361 780 1404 est,
806 1369 908 1396 cum
931 1361 1051 1396 tecta
1074 1356 1232 1396 dedere
1255 1354 1446 1403 ruinam,

343 1424 457 1465 Cum
481 1423 590 1465 ratis
614 1423 846 1477 aequoreis
868 1423 1031 1465 hausta
1053 1423 1243 1465 dehiscit
1266 1422 1409 1477 aquiS.

287 1492 374 1533 Hei
398 1492 507 1533 mihi
533 1492 736 1534 Ionstoni
759 1507 877 1534 nunc
899 1499 1021 1534 tecta
1044 1492 1244 1534 labantia
1267 1497 1446 1541 nutant,

343 1563 557 1617 Quaeque
579 1562 717 1612 vehit,
742 1562 880 1604 rimas
903 1563 1098 1616 undique
1122 1561 1284 1616 puppis
1306 1561 1410 1614 agit.

287 1632 407 1673 Dum
430 1632 524 1674 fora
548 1634 682 1680 surda
705 1638 874 1682 tenent,
900 1632 1066 1673 sensim
1094 1646 1164 1673 res
1186 1631 1352 1673 labitur
1373 1630 1535 1680 omnis,

344 1702 485 1754 Inque
508 1701 602 1743 dies
624 1702 747 1743 nullo
770 1702 857 1743 fine
879 1708 1087 1743 teruntur
1109 1715 1230 1755 opes.

286 1770 358 1812 Sic
381 1770 455 1812 ubi
479 1771 572 1813 dira
595 1771 692 1812 lues
718 1771 863 1813 haesit
891 1771 1194 1825 pulmonibus,
1217 1784 1400 1824 aegrum

345 1840 567 1882 Paulatim
591 1840 713 1882 lenta
734 1842 837 1882 tabe
865 1841 1004 1895 perire
1030 1841 1168 1882 vides.

287 1909 374 1951 His
396 1924 477 1963 ego
501 1911 606 1951 dum
631 1910 815 1960 crucior,
840 1911 914 1964 qui
939 1925 1008 1951 me
1033 1910 1210 1964 premit,
1234 1909 1326 1950 otia
1349 1908 1493 1958 miles,

344 1979 460 2020 Proh
487 1981 642 2033 pudor,
666 1979 710 2020 in
733 1979 879 2033 patria
902 1994 1010 2033 rupe
1033 1979 1212 2033 quietus
1234 1978 1342 2033 agit.
1866 1989 1921 2018 20

286 2048 407 2090 Hinc
429 2049 548 2090 ferus
570 2049 771 2096 insultat,
793 2057 945 2090 nostro
969 2064 1015 2090 se
1039 2048 1258 2102 sanguine
1280 2061 1487 2102 pascens,

344 2119 419 2168 Et,
442 2125 658 2172 tanquam
682 2126 810 2173 gesta
832 2133 877 2160 re
900 2120 1023 2166 bene,
1046 2125 1199 2160 cantat
1225 2119 1288 2159 10.

287 2188 388 2229 Non
411 2203 492 2242 ego
518 2188 738 2230 Phoebeis
760 2188 959 2230 subtraxi
983 2188 1184 2230 curribus
1206 2187 1372 2241 ignem,

345 2261 470 2313 Quae
492 2266 644 2300 tamen
669 2260 778 2300 haec
802 2259 963 2300 meruit
987 2260 1132 2313 culpa,
1158 2258 1350 2299 nefanda
1373 2257 1461 2298 luo.

289 2328 350 2369 Ut
375 2327 510 2368 miser
531 2327 575 2368 in
600 2327 811 2382 Scythica
835 2327 1050 2383 religatus
1072 2342 1181 2382 rupe
1206 2325 1517 2375 Prometheus,

344 2397 418 2438 Sic
441 2410 522 2450 ego
546 2397 825 2438 Caucaseam
850 2411 1033 2451 pascere
1056 2410 1190 2450 cogor
1211 2410 1355 2437 avem.

285 2464 354 2506 Tu
378 2465 463 2506 nisi
488 2480 733 2513 succurras,
755 2465 864 2520 perii
888 2465 1022 2507 miser
1045 2465 1270 2519 unguibus
1294 2464 1407 2514 istis,

347 2534 431 2589 Qui
454 2542 593 2589 regat,
618 2535 837 2589 ingluvies
859 2549 947 2576 non
970 2535 1105 2577 habet
1130 2535 1217 2576 ista
1240 2535 1438 2575 modurn.

286 2604 434 2644 Ausus
457 2603 516 2653 in,
541 2604 643 2653 heu,
669 2604 870 2646 vinctum
895 2603 1067 2646 saevire
1092 2603 1360 2645 Promethea
1382 2601 1533 2643 vultur

347 2673 570 2714 Herculea
594 2674 733 2714 sensit
758 2673 928 2727 spicula
951 2673 1089 2714 missa
1113 2686 1264 2714 manu.
1866 2681 1921 2721 30

285 2742 355 2783 Tu
379 2757 521 2784 novus
543 2742 720 2784 Alcides
742 2743 925 2785 ultrices
947 2757 1099 2797 prome
1123 2742 1314 2796 sagittas

345 2811 498 2861 Ocius,
522 2819 564 2853 et
588 2812 772 2854 meritae
795 2814 850 2854 da
872 2812 964 2854 fera
988 2819 1188 2854 monstra
1214 2811 1327 2853 neci.

289 2881 541 2922 Romanam
566 2881 733 2922 Fabius
756 2883 1009 2923 cunctando
1032 2880 1228 2922 restituit
1252 2894 1343 2920 rem
1363 2896 1371 2920 :

347 2950 435 2991 Hei
459 2949 582 2998 mihi,
604 2952 856 2992 cunctando
879 2965 949 2992 res
971 2965 1071 2992 mea
1094 2957 1188 2991 tota
1214 2948 1343 3004 perit.
