2594 3749
849 330 1168 363 DEDICATION.
1883 326 1907 367 7

110 457 347 497 Poetarum
372 452 439 494 sui
463 450 629 493 saeculi
652 450 781 492 facile
809 448 1015 504 princeps
1043 447 1359 488 Buchananus.
1424 447 1523 487 Hoc
1548 445 1649 486 Sole
1673 443 1907 492 exstincto,

107 532 155 566 tu
188 522 314 564 novis
347 521 470 562 illum
504 519 736 568 sideribus,
770 517 885 559 inter
916 530 1029 570 quae
1062 522 1104 557 et
1137 515 1232 569 ipse
1264 515 1422 568 fulges,
1457 513 1618 555 mirum
1651 512 1696 553 in
1729 512 1909 553 modum

108 594 301 634 decoras.
365 591 434 630 Ex
456 589 526 630 his
547 602 635 629 non
659 601 801 642 pauca
825 592 928 627 sunt
956 585 1125 639 primae
1152 582 1487 637 magnitudinis,
1511 588 1552 623 et
1577 581 1808 636 splendore
1832 595 1912 621 suo

109 659 277 702 maiora
299 658 375 700 illa
397 656 636 699 luminaria
663 670 775 710 quae
808 653 998 708 Augusti
1031 653 1210 695 saeculo
1236 652 1454 694 fulserunt
1481 650 1774 693 aemulantur.
1838 648 1911 691 Of-

108 730 276 771 ferebat
311 742 357 769 se
388 726 470 769 tibi
503 724 841 768 innumerabilis
884 725 1124 765 Poetarum
1166 721 1304 763 veluti
1341 720 1577 770 exercitus,
1612 733 1721 773 quos
1758 732 1914 760 omnes

110 797 325 840 memoria
347 803 484 838 tenes.
549 796 635 837 Sed
667 794 867 836 delectus
899 798 966 834 est
1000 791 1240 839 adhibitus,
1262 791 1305 832 in
1329 804 1416 844 quo
1439 803 1527 830 non
1551 788 1699 829 minus
1721 787 1916 829 admiror

110 865 260 909 iudicii
292 865 357 907 tui
389 864 558 914 limam,
582 877 716 918 quam
750 862 942 911 illorum,
967 875 1079 915 quos
1111 859 1322 914 selegisti,
1347 857 1616 912 elegantiam
1644 864 1686 899 et
1713 857 1913 899 nitorem.

114 936 266 983 Unum
299 934 383 975 hoc
415 946 652 975 censuram
686 938 896 981 meretur,
932 931 1050 984 quod
1089 930 1355 970 Ionstonum
1393 933 1521 969 tuum
1559 926 1785 968 Heroibus
1817 926 1915 968 istis

112 1002 443 1057 Grampionicis
466 1000 724 1055 interponis.
792 999 1040 1041 Exosculor
1060 1005 1213 1040 tamen
1236 1011 1433 1039 amorem
1457 1010 1562 1050 erga
1584 1010 1655 1037 me
1678 1002 1820 1045 tuum,
1841 995 1915 1049 qui

111 1071 263 1127 procul
287 1070 420 1113 dubio
446 1070 600 1112 oculos
625 1069 706 1111 tibi
734 1068 999 1116 excaecavit,
1023 1074 1065 1109 et
1090 1074 1285 1108 mentem
1319 1065 1647 1120 quodammodo
1668 1064 1916 1107 fascinavit.

114 1142 208 1183 Nec
231 1154 402 1190 recuso,
426 1146 470 1181 te
503 1139 696 1188 iubente,
722 1137 941 1180 sideribus
973 1136 1070 1179 istis
1103 1135 1317 1178 interseri.
1382 1136 1482 1176 Hoc
1506 1135 1665 1176 saltem
1690 1134 1791 1176 inde
1815 1148 1916 1176 con-

112 1223 284 1263 sequar,
301 1214 349 1250 ut
368 1222 576 1250 exornem
600 1207 774 1250 illorum
799 1207 1081 1262 splendorem
1106 1220 1231 1247 meae
1249 1203 1454 1259 caliginis
1471 1203 1700 1246 tenuitate.
1764 1203 1916 1245 Macu-

113 1278 196 1328 lae,
231 1291 345 1331 quae
383 1277 427 1318 in
465 1277 588 1318 caelo
626 1282 857 1331 apparent,
891 1274 1164 1329 nigricantes
1202 1273 1343 1316 stellis
1385 1272 1598 1328 proximis
1634 1286 1723 1314 non
1760 1287 1917 1327 parum

114 1347 303 1389 afferunt
327 1345 495 1387 nitoris.
560 1346 612 1386 In
645 1344 830 1399 picturis
862 1344 1125 1398 languerent
1159 1343 1342 1392 colores,
1367 1342 1451 1383 nisi
1484 1356 1560 1383 eas
1592 1341 1749 1383 artifex
1779 1341 1917 1383 varie-

113 1422 236 1469 garet
270 1416 528 1457 umbrarum
563 1414 765 1462 nebulis;
800 1428 943 1468 neque
970 1413 1216 1455 mulcerent
1244 1426 1373 1454 aures
1406 1411 1670 1461 cantilenae,
1695 1410 1780 1452 nisi
1813 1425 1918 1465 pau-

114 1498 264 1526 sarum
289 1483 479 1525 silentiis
505 1483 886 1525 interciderentur.
951 1481 1160 1524 Nominis
1192 1481 1279 1522 mei
1312 1480 1669 1535 qualemcunque
1700 1479 1919 1522 iacturam

115 1553 214 1608 plus
237 1552 349 1595 satis
371 1552 580 1595 resarciet
603 1553 780 1607 publica
804 1552 989 1602 utilitas,
1014 1565 1148 1606 quam
1177 1565 1312 1592 unam
1337 1556 1538 1604 spectare
1560 1556 1604 1591 te
1627 1549 1728 1592 scio.
1792 1550 1918 1600 Vale,

116 1622 196 1663 Vir
217 1622 479 1672 clarissime,
504 1629 546 1663 et
570 1624 783 1664 adversus
810 1621 1051 1664 sanniones
1081 1619 1247 1662 virtute
1279 1626 1357 1661 tua
1389 1625 1433 1661 te
1465 1619 1710 1669 involvens,
1734 1618 1919 1673 patriae,

118 1691 348 1745 Musisque
372 1691 639 1741 Scoticanis,
665 1691 825 1745 quibus
849 1690 1237 1732 immortalitatem
1262 1688 1437 1738 dedisti,
1461 1694 1692 1730 aeternum
1716 1688 1825 1730 vive.

1057 1794 1361 1837 ARTURUS
1397 1793 1776 1844 IONSTONUS,

995 1863 1189 1905 nominis
1211 1863 1275 1906 tui
1300 1863 1458 1907 Cultor
1479 1863 1805 1906 devotissimus.
