2594 3749
722 372 804 427 248

1501 382 1736 416 PARERGA.

891 499 1085 543 Cuilibet
1108 500 1315 542 hostilem
1340 500 1407 542 fas
1428 507 1494 542 est
1518 499 1724 542 invadere
1747 506 1928 550 terram,

951 569 1109 610 Hostis
1131 584 1238 624 opes
1265 568 1366 611 belli
1393 583 1573 624 carpere
1601 568 1693 611 iure
1716 575 1856 624 potes.

890 637 936 679 Si
961 637 1058 691 quis
1081 638 1125 679 in
1148 638 1231 680 hoc
1254 652 1374 680 error
1394 637 1487 688 fuit,
1511 653 1668 680 aurum
1692 638 1835 680 sidere
1858 638 1985 680 laevo

947 706 1026 748 Vir
1048 706 1146 761 pius
1169 706 1212 748 in
1237 706 1425 761 patriam
1450 721 1551 749 cum
1574 706 1689 756 tulit,
1711 721 1830 749 error
1850 713 1958 748 erat.

892 774 975 816 Illa
996 774 1076 816 viri
1101 775 1271 817 meritis
1293 775 1486 830 oppedst,
1509 782 1552 818 et
1580 776 1728 817 invida
1752 782 1941 825 mussat,

946 844 1111 886 Nescio
1133 844 1250 898 quid,
1273 844 1433 887 Getico
1455 844 1491 886 si
1515 844 1614 899 quis
1636 845 1691 887 ab
1714 859 1794 886 axe
1817 844 1939 886 redit.

891 912 988 962 His,
1011 913 1086 963 ait,
1110 913 1336 956 Isacidum
1360 914 1520 956 vindex
1543 913 1747 956 mittetur
1767 914 1822 956 ab
1845 913 1945 961 oris,

947 982 1032 1037 Qui
1057 983 1171 1024 male
1195 982 1423 1037 quaesitas
1445 983 1626 1024 reddere
1649 989 1777 1037 coget
1800 997 1921 1037 opes.

891 1051 1100 1105 Improba
1122 1058 1229 1094 tune
1252 1052 1326 1093 fiet
1348 1051 1508 1107 positis
1530 1050 1755 1093 cornicula
1777 1051 1942 1106 plumis

947 1120 1120 1162 Fabula
1143 1120 1386 1175 pennigero
1409 1120 1737 1175 ludibriumque
1760 1120 1892 1175 gregi.

887 1186 1075 1230 Talibus
1097 1188 1309 1231 invidiam
1333 1188 1417 1232 civi
1439 1196 1573 1239 creat,
1595 1189 1697 1239 heu,
1722 1204 1802 1231 sua
1823 1189 1972 1239 tellus,

947 1257 1130 1299 Saevior
1154 1257 1379 1313 Hyrcanis
1403 1257 1754 1312 Sarmaticisque
1777 1257 1906 1313 iugis.

889 1325 1067 1368 Scotica
1090 1333 1206 1368 terra
1229 1326 1364 1368 nimis
1384 1326 1530 1369 vicina
1554 1327 1777 1381 Lycaonis
1799 1333 1919 1368 astro
1942 1333 2035 1375 est;

949 1394 1098 1436 Huius
1119 1402 1240 1437 amat
1265 1410 1410 1438 mores
1432 1395 1750 1451 ingeniumque
1774 1395 1914 1450 sequi.

889 1463 1006 1505 Nate
1031 1464 1143 1515 Dea,
1167 1464 1241 1518 qui
1264 1465 1381 1507 furta
1403 1464 1519 1520 regis
1540 1465 1820 1519 fraudesque,
1845 1464 2011 1514 clienti,

946 1533 1014 1574 Ne
1035 1535 1380 1588 repetundarum
1409 1534 1478 1575 lex
1500 1540 1685 1589 premat,
1707 1534 1812 1576 affer
1833 1548 1976 1588 opem.

888 1600 966 1643 Sin
990 1601 1084 1651 luit,
1106 1609 1149 1644 et
1173 1603 1331 1657 laqueo
1354 1603 1531 1658 stringit
1556 1602 1838 1645 Rhamnusia
1858 1603 2021 1651 fauces,

944 1669 1009 1712 Te
1031 1677 1173 1725 rogat,
1198 1671 1374 1726 ingrata
1397 1686 1452 1714 ne
1474 1671 1723 1714 tumuletur
1744 1672 1894 1714 humo.

832 1826 902 1858 137.
928 1817 1100 1858 Lycaonis
1116 1821 1234 1860 astra]
1280 1819 1354 1851 The
1372 1821 1476 1852 Great
1494 1821 1580 1852 Bear
1595 1832 1602 1853 ε
1627 1819 1824 1862 suggestive
1840 1819 2008 1852 therefore
2024 1819 2064 1850 of
2075 1817 2165 1850 raids
2183 1817 2250 1850 and
2265 1817 2394 1859 rapine.

832 1882 902 1912 139.
929 1873 1018 1905 Nate
1037 1874 1139 1916 Dea.]
1185 1876 1354 1917 Probably
1373 1877 1541 1917 Mercury,
1559 1886 1596 1907 as
1614 1881 1784 1917 protector
1800 1875 1839 1907 of
1850 1875 1959 1907 elever
1976 1874 2101 1907 srauds.

831 1936 902 1966 141.
929 1928 1167 1971 Rhamnusia.]
1211 1930 1287 1963 The
1304 1931 1462 1963 Goddess
1479 1931 1518 1962 of
1531 1931 1722 1971 Necessity.

2435 857 2516 898 130

2433 1545 2513 1586 140
2564 1511 2565 1560 l
