2594 3749
678 342 760 383 268
1465 355 1718 387 PARERGAp

908 470 1036 524 Quod
1063 471 1327 525 tempestive
1349 472 1447 514 vela
1470 473 1665 514 secunda
1691 472 1844 527 legat?

850 537 971 580 Tene
995 553 1155 593 parens
1179 540 1279 590 urit,
1305 542 1420 594 quod
1444 540 1500 582 sit
1523 542 1576 583 de
1599 555 1775 583 earcere
1797 542 1992 584 ductus?

909 607 1072 650 Debita
1095 610 1211 662 quod
1236 616 1417 663 pactum
1442 609 1622 651 solverit
1646 616 1750 651 ante
1773 609 1888 652 diem
1910 611 1926 652 Ρ
2425 612 2480 654 60

852 678 968 717 Num
993 677 1072 718 tibi
1095 692 1171 719 cor
1193 678 1330 733 angit,
1355 680 1470 732 quod
1493 686 1560 720 ter
1581 678 1782 720 felicibus
1805 679 1942 721 armis

909 746 1052 787 Morte
1074 746 1350 802 triumphata
1373 755 1466 789 tam
1491 747 1578 790 cito
1605 747 1746 790 victor
1767 749 1903 790 ovat?

848 814 1003 856 Victor
1024 823 1125 858 ovat
1150 824 1267 858 certe
1291 817 1460 870 gremio
1487 823 1723 871 susceptus
1745 817 1929 860 Abrami

908 883 1061 935 Filius,
1087 891 1129 926 et
1153 885 1262 927 caeli
1287 885 1483 927 culmina
1507 899 1684 927 summa
1706 891 1845 927 tenet.

850 951 1056 994 Sidereas
1079 953 1149 995 hic
1172 953 1245 995 ille
1268 955 1437 1004 domos,
1463 954 1533 995 hic
1557 953 1744 1008 suspicit
1768 955 1940 1005 urbem,

909 1020 1134 1074 Dignatus
1157 1022 1267 1065 solio
1291 1037 1426 1077 quam
1452 1023 1576 1064 Deus
1599 1022 1693 1077 ipse
1716 1037 1797 1065 suo
1819 1029 1902 1065 est.

853 1090 970 1131 Urbs
991 1105 1099 1132 auro
1122 1093 1340 1145 quadrata
1363 1091 1514 1141 micat,
1539 1097 1643 1132 sunt
1667 1105 1802 1133 aurea
1824 1091 1992 1146 passim

907 1159 1129 1213 Compita,
1153 1160 1304 1202 divina
1324 1159 1618 1202 vermiculata
1641 1174 1793 1202 manu.

850 1227 999 1280 Surgit
1026 1228 1289 1283 Erythraeis
1312 1243 1539 1271 murorum
1564 1228 1774 1270 machina
1796 1229 2002 1284 gemmis,

908 1297 1156 1338 Baccarum
1180 1297 1309 1339 nivea
1332 1297 1487 1340 limina
1510 1298 1608 1340 luce
1631 1297 1791 1340 nitent.
2424 1312 2480 1355 70

851 1364 901 1404 In
926 1365 1070 1407 medio
1094 1366 1254 1408 solium
1278 1373 1361 1417 est,
1386 1367 1507 1409 color
1528 1373 1594 1408 est
1618 1372 1858 1421 argenteus
1881 1367 1959 1418 illi,

908 1433 996 1475 Hic
1019 1441 1146 1488 pater
1167 1435 1403 1477 aethereus
1430 1436 1575 1478 dicere
1599 1435 1694 1479 iura
1717 1436 1845 1478 solet.

851 1501 969 1543 Hinc
993 1517 1144 1544 secum
1167 1503 1397 1559 vitamque
1419 1504 1565 1546 ferens
1588 1511 1847 1559 certamque
1871 1505 2080 1556 salutern,

905 1571 1094 1613 Aemula
1117 1573 1328 1627 crystallo
1351 1573 1545 1615 nectaris
1569 1575 1688 1616 unda
1709 1573 1822 1616 fluit.

852 1639 970 1681 Hinc
992 1646 1127 1695 atque
1150 1641 1253 1684 hinc
1277 1642 1421 1697 pomis
1444 1643 1597 1684 rutilat
1620 1642 1823 1685 felicibus
1847 1644 1992 1693 arbos,

906 1709 1077 1752 Sufficit
1101 1711 1349 1753 ambrosias
1370 1712 1481 1753 haec
1505 1726 1705 1766 panacea
1727 1713 1880 1767 dapes.

850 1778 944 1818 Nec
968 1778 1094 1820 iubar
1115 1787 1323 1822 auratum
1348 1781 1424 1823 Sol
1448 1781 1518 1822 his
1540 1781 1751 1835 expandit
1775 1781 1819 1822 in
1841 1780 1945 1831 oris,

905 1845 1067 1890 Tincta
1090 1863 1170 1891 nec
1194 1850 1367 1904 argenti
1391 1849 1560 1892 lumine
1584 1851 1715 1892 Luna
1737 1850 1865 1892 nitet.

850 1916 990 1957 Lucet
1015 1917 1178 1972 ubique
1204 1919 1344 1969 Deus,
1369 1926 1472 1961 sunt
1498 1919 1712 1961 Numinis
1734 1919 1884 1961 omnia
1908 1919 2053 1974 plena,

908 1986 966 2026 Et
991 1986 1085 2028 sine
1109 1988 1225 2029 nube
1247 1988 1391 2030 fluunt
1415 1994 1457 2030 et
1481 1988 1576 2030 sine
1599 1995 1729 2030 nocte
1752 1988 1861 2030 dies.
2427 1989 2480 2030 80
2569 2040 2572 2055 ι

849 2054 991 2107 Quem
1016 2062 1143 2108 pater
1164 2063 1366 2111 ereptum
1390 2057 1586 2111 quereris
1609 2057 1826 2111 terrisque
1849 2056 2032 2111 tibique,
2546 2075 2547 2091 π
2567 2077 2576 2134 Ι.

908 2123 1113 2165 Pascitur
1135 2125 1205 2166 his
1227 2125 1375 2167 infans
1397 2125 1724 2180 perfruiturque
1747 2125 1890 2168 bonis.
2544 2150 2546 2181 ;
2566 2140 2571 2242 Ι

2543 2286 2545 2314 ι

851 2192 1002 2245 Rupta
1026 2193 1107 2235 sibi
1130 2196 1294 2247 gaudet
1319 2195 1523 2237 mortalis
1549 2195 1745 2237 stamina
1771 2195 1906 2245 vitae,

908 2261 982 2310 Et,
1008 2275 1120 2315 quae
1143 2269 1190 2304 tu
1214 2264 1418 2313 damnas,
1443 2264 1534 2305 fata
1558 2263 1750 2318 benigna
1771 2270 1916 2305 vocat.

851 2329 1001 2370 Mente
1027 2331 1173 2372 Deum
1198 2346 1321 2385 pura,
1346 2332 1434 2373 iam
1458 2332 1587 2386 pulsa
1611 2333 1741 2382 nube,
1765 2339 1931 2382 tuetur,
2542 2388 2543 2392 Ἰ

908 2398 1173 2452 Despiciens
1197 2400 1422 2450 miseram,
1447 2415 1582 2455 quam
1607 2402 1738 2442 modo
1764 2399 1906 2454 liquit,
1932 2400 2133 2442 humum.
2542 2407 2543 2446 l
2565 2381 2568 2431 l

850 2467 1018 2519 Sponte
1041 2468 1176 2518 volat,
1202 2483 1467 2523 quocunque
1490 2469 1626 2519 lubet,
1652 2469 1915 2523 caelumque
1937 2475 2149 2524 pererrat,

906 2535 1106 2588 Aligeros
1128 2536 1243 2578 inter
1265 2537 1562 2592 linigerosque
1585 2538 1758 2580 choros.
2540 2554 2541 2580 l

791 2682 841 2711 59.
868 2672 962 2704 Tene
980 2682 1102 2714 parens
1123 2675 1215 2715 urit.]
1263 2676 1458 2707 “Parem''
1483 2681 1572 2707 must
1600 2676 1641 2707 be
1670 2675 1831 2708 intended
1858 2676 1908 2707 for
1936 2675 2102 2713 vocative,
2132 2678 2151 2692 “
2167 2675 2196 2706 Ο
2222 2679 2340 2716 parent
2364 2674 2404 2706 os
2421 2674 2477 2704 the

675 2726 742 2765 boy
755 2726 772 2736 ”
789 2738 795 2763 ;
820 2738 870 2757 we
888 2727 1010 2758 should
1027 2736 1147 2770 expect
1168 2732 1377 2770 “parentem
1393 2733 1421 2763 ”.

790 2782 841 2819 65.
869 2782 1024 2813 Sidereas
1049 2783 1196 2825 domos]
1244 2787 1307 2816 See
1332 2785 1459 2816 similar
1484 2785 1627 2817 touches
1651 2785 1684 2816 in
1711 2785 1777 2817 No.
1803 2784 1963 2822 XXVII.,
1988 2783 2136 2825 echoing
2158 2782 2297 2823 Virgil’s
2328 2782 2475 2823 Eclogue
2538 2800 2539 2803 =

674 2842 719 2864 on
742 2835 925 2875 Daphnis's
942 2836 1159 2877 Apotheosis.

790 2891 841 2930 67.
870 2890 959 2922 Urbs
977 2901 1058 2923 auro
1075 2893 1250 2933 quadrata,
1268 2895 1350 2935 etc.]
1396 2895 1481 2926 New
1499 2894 1607 2932 Test.,
1627 2894 1839 2932 Revelation‚
1857 2894 1950 2927 XXI.
1973 2902 2081 2933 10-23.

791 2946 841 2979 88.
871 2945 1048 2986 Linigeros
1066 2947 1216 2988 choros]
1263 2949 1349 2980 New
1367 2949 1475 2984 Test..
1498 2949 1708 2986 Revelation,
1725 2949 1796 2981 XV.
1818 2951 1848 2986 6.
