2594 3749
387 312 450 343 TO
483 312 702 343 WILLIAM
736 312 1056 353 ALEXANDER,
1092 314 1219 344 EARL
1252 315 1312 346 OF
1344 316 1590 348 STIRLING.
1810 323 1890 362 223

325 430 419 471 Nec
442 443 613 470 memor
633 443 684 470 os
706 435 877 478 cantus
900 443 980 471 nec
1004 444 1164 472 manus
1187 437 1293 485 apta
1316 431 1436 486 lyrae
1459 439 1535 474 est.

266 497 330 539 Te
354 499 485 539 modo
508 512 710 539 secessus
733 512 981 548 nemorum,
1006 505 1049 539 te
1073 498 1236 540 blanda
1259 499 1471 542 iuvabant

325 566 455 609 Otia:
489 581 608 608 nunc
631 567 760 608 aulae
784 581 985 608 murmur
1006 573 1049 608 et
1073 567 1194 609 urbis
1217 581 1357 609 amas.

267 635 475 677 Carmine
498 635 764 689 posthabito,
787 636 922 690 pudet
949 636 1047 684 heu,
1070 635 1165 676 sine
1188 636 1284 690 lege
1305 637 1493 679 tabellas

325 704 505 754 Scribis,
529 710 572 746 et
595 704 772 758 ingenio
795 705 929 746 verba
952 704 1124 745 minora
1147 711 1239 746 tuo.
1842 709 1896 750 60

268 774 477 827 Dumque
499 788 633 815 vacas
656 773 841 828 patriae,
865 775 971 816 dum
999 773 1164 815 sufficis
1191 773 1399 815 omnibus
1422 788 1550 824 unus,

327 843 448 884 Mille
471 843 718 897 fatigantur
739 858 954 898 mensque
977 858 1225 897 manusque
1249 843 1406 885 modis.

269 913 397 954 Mens
419 919 539 954 caret
562 913 734 955 alterna
756 913 919 967 requie,
944 927 1105 954 manus
1128 912 1304 954 aemula
1328 912 1466 954 menti
1490 920 1568 962 est,

327 983 451 1024 Hora
474 981 721 1024 ministerio
744 996 824 1024 nec
847 988 977 1024 vacat
1001 982 1091 1023 ulla
1114 988 1206 1023 tuo.

269 1051 402 1092 Mane
424 1051 671 1092 salutatum
694 1051 879 1093 veniunt
906 1050 1175 1104 iuvenesque
1203 1064 1436 1104 senesque,

328 1120 534 1174 Urbsque
555 1126 657 1162 tuas
680 1120 827 1162 omnis
854 1119 1028 1161 sistitur
1050 1126 1154 1161 ante
1176 1119 1303 1160 fores.

270 1188 464 1230 Palladis
487 1188 597 1231 haec
620 1189 828 1239 famulas,
853 1195 896 1230 et
920 1188 1090 1230 amicas
1112 1188 1291 1230 vatibus
1314 1187 1447 1229 horas

325 1257 476 1300 Turba
499 1258 629 1313 rapit,
653 1258 872 1312 reliquum
896 1258 1091 1300 vindicat
1116 1257 1218 1299 aula
1241 1257 1372 1298 diem.

270 1327 400 1368 Nunc
423 1328 479 1369 ad
504 1328 818 1382 Hyperboreos
843 1327 980 1381 Regis
1003 1328 1218 1368 mandata
1243 1326 1500 1376 Britannos,

327 1397 459 1438 Nunc
482 1396 633 1451 populi
657 1397 712 1438 ad
738 1398 908 1451 Regem
931 1402 1035 1438 vota
1058 1409 1299 1450 precesque
1323 1395 1472 1436 refers.
1847 1408 1900 1449 70

268 1466 410 1519 Saepe
433 1472 535 1507 tuos
558 1466 700 1520 poscit
724 1480 810 1508 nox
832 1466 1104 1520 intempesta
1127 1465 1313 1513 labores,

327 1535 386 1576 Et
409 1536 513 1576 dare
535 1541 579 1576 te
601 1549 759 1577 somno
781 1535 958 1589 publica
981 1549 1087 1576 cura
1108 1540 1246 1575 vetat.

270 1604 332 1646 Ut
355 1611 483 1646 vetus
505 1611 693 1655 exercet,
718 1619 832 1646 nova
855 1604 917 1646 sic
940 1611 984 1646 te
1009 1603 1160 1646 Scotia
1183 1603 1300 1645 curis

327 1672 565 1723 Distrahit‚
589 1673 742 1727 ignoto
766 1688 878 1727 quae
901 1673 1034 1727 plaga
1057 1672 1148 1714 sole
1172 1679 1308 1726 tepet.

270 1743 395 1784 Haec
418 1742 498 1785 tibi
522 1743 656 1785 servit
679 1743 854 1790 humus,
878 1750 921 1784 te
945 1743 1129 1797 dignum
1154 1748 1197 1784 et
1220 1741 1417 1796 principe
1441 1756 1616 1791 munus,

325 1811 478 1866 Teque
501 1812 787 1866 pharetratus
810 1818 1041 1866 nuncupat
1066 1813 1205 1853 Indus
1228 1811 1401 1852 herum.

270 1882 402 1923 Hanc
425 1881 584 1936 opibus
606 1882 870 1936 populisque
892 1881 1031 1930 novis,
1054 1881 1169 1923 hanc
1193 1880 1377 1922 instruis
1400 1880 1563 1922 armis:

325 1950 498 2005 Accipit
524 1958 566 1992 et
589 1951 710 2005 leges
733 1952 921 1993 barbara
944 1957 1061 1992 terra
1084 1956 1202 1992 tuas.

271 2019 358 2061 Hic
381 2019 563 2061 delubra
588 2021 685 2061 Deo
708 2027 911 2074 surgunt,
937 2025 979 2061 et
1003 2019 1175 2061 civibus
1198 2020 1343 2068 urbes,

330 2089 417 2130 Hic
442 2103 562 2130 mare
586 2089 791 2144 navigiis,
815 2088 1017 2143 frugibus
1040 2103 1146 2130 arva
1169 2088 1328 2143 reples.
1849 2089 1902 2130 80

272 2158 372 2199 Hae
394 2157 473 2199 tibi
496 2164 599 2199 sunt
623 2164 768 2200 artes:
804 2164 929 2212 urget
954 2172 1069 2199 nova
1092 2172 1198 2199 cura
1221 2157 1411 2211 priorem

329 2227 527 2281 Semper,
552 2234 594 2268 et
621 2226 853 2280 antiquam
882 2227 1135 2268 sollicitudo
1157 2241 1325 2268 recens.

272 2296 373 2336 Non
396 2294 459 2337 ita
481 2295 692 2346 luctatur,
716 2296 869 2338 fauces
897 2296 970 2350 qui
998 2301 1143 2337 tentat
1168 2294 1326 2350 Abydi.

328 2364 408 2405 Vis
430 2364 522 2406 fera
544 2371 779 2406 ventorum
804 2379 905 2407 cum
930 2364 1026 2406 sine
1049 2365 1146 2418 lege
1168 2364 1288 2405 furit.

272 2434 373 2475 Non
395 2433 458 2475 ita
479 2440 713 2488 torquetur
734 2434 809 2489 qui
832 2434 968 2477 volvit
992 2434 1036 2475 in
1060 2435 1200 2476 ardua
1223 2448 1397 2484 saxum,

330 2503 424 2544 Nec
447 2501 521 2556 qui
545 2501 764 2544 Tartarea
786 2503 980 2544 volvitur
1001 2502 1095 2557 ipse
1119 2509 1229 2544 rota.

213 2654 265 2686 73.
291 2644 392 2675 Nova
405 2644 549 2685 Scotia.]
584 2644 658 2676 The
675 2650 820 2685 country
833 2645 866 2675 in
881 2645 1049 2682 America‚
1062 2644 1174 2676 which
1188 2655 1239 2676 we
1253 2654 1329 2675 now
1341 2643 1406 2676 call
1421 2644 1521 2675 Nova
1536 2643 1663 2680 Scotia,
1677 2653 1748 2675 was
1761 2644 1903 2685 granted

102 2697 205 2730 under
223 2704 339 2739 patent
356 2699 396 2730 of
409 2699 499 2740 King
514 2700 630 2739 James
647 2705 682 2731 to
698 2700 756 2731 the
775 2699 853 2730 Earl
870 2699 910 2731 of
924 2700 1065 2740 Stirling
1081 2699 1131 2730 for
1148 2699 1390 2731 colonisation.
1432 2699 1463 2729 It
1479 2698 1507 2728 is
1525 2698 1675 2738 singular
1691 2698 1765 2729 that
1782 2699 1904 2729 almost

101 2751 158 2784 the
174 2753 255 2793 only
271 2753 395 2794 colony
411 2753 449 2785 of
463 2754 614 2784 Scottish
633 2754 742 2795 origin
759 2753 884 2785 should
901 2754 979 2785 bear
996 2764 1016 2785 a
1034 2756 1055 2771 “
1068 2753 1172 2784 Latin
1191 2753 1434 2794 appellation‚’'
1451 2753 1562 2784 which
1581 2752 1604 2783 it
1623 2752 1691 2783 still
1707 2752 1841 2785 retains.

213 2809 265 2848 76.
292 2807 509 2839 Pharetratus
527 2807 659 2848 Indus]
705 2808 780 2839 The
799 2808 870 2840 Red
890 2809 971 2839 Man
989 2808 1028 2839 of
1041 2808 1151 2839 North
1170 2808 1336 2840 Amcrica.

213 2864 265 2902 83.
290 2860 429 2906 Abydi]
478 2863 633 2894 Leander
651 2863 845 2904 swimming
861 2863 918 2893 the
938 2863 1155 2903 Hellespont.

213 2918 265 2957 85.
292 2918 371 2948 Non
388 2917 436 2948 ita
451 2923 625 2959 torquetur
651 2941 657 2949 .
684 2943 691 2951 .
720 2941 728 2949 .
752 2918 925 2959 volvitur.]
973 2917 1141 2958 Sisyphus
1158 2917 1225 2949 and
1244 2917 1350 2950 Ixion.
