2594 3749
695 351 777 393 234
1470 342 1708 375 PARERGA.

858 905 1127 946 XXXVIII.
1170 904 1253 945 AD
1288 901 1811 951 CANCELLARIUM,
1846 901 1933 942 DE
1967 901 2341 944 FURORIBUS

1301 981 1895 1026 BRONTOTYPHAEIS.

874 1135 1063 1188 Ergone,
1085 1140 1129 1176 te
1150 1132 1265 1183 vivo,
1290 1131 1403 1174 sacri
1426 1138 1470 1174 te
1492 1131 1692 1187 principe
1715 1138 1884 1181 coetus,

932 1204 1074 1257 Haye,
1096 1201 1234 1257 premi
1256 1201 1378 1256 leges
1399 1200 1708 1255 iustitiamque
1731 1199 1883 1242 sines?

875 1271 1040 1314 Divitis
1062 1271 1304 1326 ingluviem
1329 1277 1484 1325 pascet
1508 1269 1602 1312 sine
1625 1269 1800 1312 vindice
1822 1270 2023 1324 pauper?

932 1342 991 1382 Et
1014 1340 1177 1390 tenuis,
1201 1340 1358 1381 turbae
1380 1340 1544 1394 praeda
1566 1338 1774 1393 potentis,
1796 1337 1879 1380 erit
1897 1339 1913 1380 ?

874 1411 1088 1465 Quaeque
1110 1423 1269 1451 novem
1293 1407 1494 1463 sequitur
1514 1407 1733 1458 dominas,
1757 1422 1867 1463 gens
1889 1422 2066 1462 semper
2088 1406 2285 1457 inermis,

933 1478 1122 1531 Cingere
1145 1483 1342 1532 cogetur,
1365 1491 1498 1531 quem
1521 1476 1667 1528 timet,
1691 1491 1796 1518 ense
1819 1477 1971 1519 latus?

876 1546 1068 1602 Adspice
1093 1548 1356 1588 Ionstonum
1375 1562 1384 1588 z
1417 1553 1541 1588 totus
1563 1545 1652 1587 iam
1676 1546 1844 1587 ferreus
1867 1545 1939 1587 ille
1962 1552 2045 1595 est,

936 1615 1157 1657 Horridus
1179 1621 1378 1670 aspectu,
1403 1614 1719 1668 dissimilisque
1743 1614 1821 1656 sui.

878 1685 1032 1739 Nuper
1053 1684 1288 1739 Apollinea
1309 1684 1487 1726 velabat
1510 1690 1713 1738 tempora
1735 1684 1878 1733 lauru,
2571 1729 2574 1744 υ

936 1754 1082 1804 Nunc,
1106 1754 1241 1808 pudet
1264 1753 1366 1803 heu,
1390 1754 1500 1795 dura
1522 1752 1693 1794 casside
1716 1766 1868 1807 pressa
1889 1766 2017 1794 coma
2039 1758 2120 1794 est.
2454 1764 2504 1792 10
2563 1766 2573 1801 ².

880 1823 1048 1865 Dextra
1069 1822 1180 1877 gerit
1202 1821 1414 1876 gladium,
1438 1835 1551 1876 quae
1574 1835 1714 1876 nuper
1735 1820 1902 1876 plectra
1924 1822 2118 1870 tenebat,

937 1892 1176 1945 Laevaque
1198 1891 1280 1932 fert
1303 1889 1509 1944 clipeum,
1533 1904 1646 1944 quae
1669 1889 1769 1931 tulit
1793 1896 1897 1931 ante
1919 1889 2075 1944 lyram.

879 1962 1092 2016 Quaeque
1114 1967 1235 2001 tenet
1256 1960 1436 2009 ferrum,
1460 1973 1620 2001 manus
1642 1965 1708 2001 est
1732 1959 2006 2001 circumdata
2027 1959 2154 2008 ferro,

939 2028 1160 2083 Mopsopii
1184 2028 1300 2070 iures
1322 2042 1419 2069 esse
1444 2027 1643 2082 Myronis
1665 2042 1791 2082 opus.

881 2099 974 2140 Nec
997 2105 1066 2140 sat
1089 2098 1131 2140 id
1154 2105 1247 2147 est;
1280 2098 1396 2140 vatis
1418 2097 1506 2139 iarn
1531 2104 1683 2152 specta
1705 2112 1832 2139 crura
1856 2098 2092 2152 pedesque,

940 2167 1152 2210 Cruribus
1175 2166 1352 2217 aeratis,
1376 2167 1712 2221 aeripedemque
1738 2167 1875 2208 vides.

881 2237 1006 2280 Colla
1029 2243 1183 2290 gravat
1207 2243 1451 2291 pectusque
1474 2235 1657 2290 chalybs
1681 2235 1945 2290 impervius;
1979 2235 2125 2277 hamis

943 2305 1063 2347 Mille
1085 2305 1285 2348 laborato
1307 2304 1503 2359 tegmine
1525 2311 1649 2359 terga
1671 2304 1828 2359 rigent.
2542 2350 2544 2360 Ι

885 2376 1110 2430 Squamea
1132 2389 1212 2417 nec
1235 2373 1378 2429 magis
1400 2380 1467 2416 est
1490 2388 1613 2429 gens,
1637 2388 1750 2428 quae
1773 2373 1908 2415 maris
1930 2387 2121 2427 aequora
2144 2372 2290 2428 pinnis
2576 2331 2581 2406 l

944 2443 1109 2494 Findit,
1133 2450 1176 2486 et
1199 2443 1243 2484 in
1268 2442 1449 2498 Libycis
1471 2442 1620 2498 vipera
1643 2449 1749 2484 nata
1772 2442 1906 2484 rubis.
2458 2453 2509 2482 20
2540 2461 2544 2483 ι
2563 2476 2566 2481 ,

887 2514 950 2556 Os
972 2512 1174 2567 oculique
1197 2518 1351 2567 patent
1373 2518 1578 2561 tantum3
1612 2518 1716 2554 sunt
1739 2518 1886 2554 cetera
1906 2511 2086 2560 ferrum,

944 2583 1170 2636 Aeraque;
1204 2581 1277 2624 vix
1299 2580 1360 2622 illi
1383 2580 1524 2623 forma
1547 2581 1700 2623 relicta
1722 2580 1802 2622 viri
1826 2587 1907 2622 est.

887 2650 1025 2701 Talis,
1052 2650 1303 2692 Priamiden
1326 2657 1481 2692 contra
1504 2665 1604 2692 curn
1629 2656 1779 2699 staret,
1803 2649 2022 2692 Achilles:

853 2796 882 2818 2.
909 2788 1038 2828 Haye.]
1083 2788 1162 2826 (See
1181 2787 1248 2818 No.
1266 2786 1346 2817 XII.
1365 2786 1414 2818 sor
1431 2796 1525 2818 some
1542 2793 1687 2818 account
1703 2786 1742 2818 of
1754 2785 1822 2817 this
1838 2785 1975 2827 Judge.)
2536 2819 2539 2836 Ι

832 2852 881 2881 14.
908 2840 1134 2882 Mopsopius.]
1180 2840 1242 2877 i.c.,
1261 2839 1364 2872 Attie.
1413 2841 1546 2881 Myron,
1567 2851 1587 2872 a
1607 2841 1739 2872 famous
1762 2840 1923 2881 sculptor,
1941 2838 2147 2871 naturalised
2166 2838 2198 2869 in
2217 2837 2341 2875 Attica,
2359 2837 2426 2870 and
2442 2837 2511 2869 also

716 2906 878 2938 engi-aver
897 2895 929 2926 in
947 2895 1082 2932 bronze,
1100 2895 1215 2927 whose
1232 2904 1331 2926 name
1349 2894 1377 2926 is
1394 2894 1558 2935 probably
1574 2894 1675 2926 taken
1701 2904 1738 2925 as
1763 2893 1952 2935 indicating
1967 2903 2035 2934 any
2051 2892 2147 2924 artist
2163 2892 2196 2923 in
2215 2892 2351 2933 forging
2367 2899 2506 2923 armour.

837 2951 884 2981 16.
911 2949 1140 2990 Aeripedem]
1195 2950 1233 2980 In
1252 2949 1309 2981 the
1325 2948 1473 2980 Deliciae
1491 2953 1510 2966 ⁰⁸
1525 2949 1744 2990 aeripidem‚''
1761 2949 1805 2989 by
1822 2947 2079 2989 typographica!
2097 2956 2196 2980 error.
2534 2943 2537 2964 ¹
