2594 3749
622 310 821 343 EPISTLE
852 310 916 343 TO
948 310 1303 342 SCOTSTARVET.
1784 313 1862 356 197

233 427 355 470 Vivit
379 428 524 470 adhuc
549 428 687 478 Naso,
713 427 926 481 Pelignae
949 427 1088 481 gloria
1111 427 1273 481 gentis,

291 498 350 539 Et
374 497 548 545 fidicen,
571 497 705 539 tellus
728 510 859 551 quem
884 495 1116 538 Venusina
1138 496 1273 538 dedit.

233 566 368 617 Vivit,
393 573 436 608 et
461 565 504 608 in
529 566 661 608 Latio
684 566 934 608 celebratur
957 567 1090 608 Musa
1111 565 1295 615 Tibulli,

291 636 350 677 Et
375 650 455 677 sua
478 634 549 678 cui
572 649 787 690 magnum
813 634 976 677 Lesbia
999 648 1162 676 nornen
1186 641 1295 676 erat.

232 703 407 759 Quique
429 718 506 758 per
527 703 791 746 Aemathios
813 703 974 746 cecinit
992 703 1084 746 fera
1106 702 1274 758 proelia
1298 716 1498 757 campos,

291 773 415 815 Inter
435 780 478 814 et
501 773 756 815 orchestrae
779 772 951 815 lumina
973 772 1081 815 vivit
1105 786 1229 814 avus·

234 842 468 896 Doctaque
491 848 588 884 tum
615 841 753 892 Persi,
777 849 874 884 tum
898 849 1002 884 sunt
1025 841 1221 896 peritura
1246 840 1428 883 Lucreti

290 911 517 961 Carmina,
542 911 694 953 luxato
712 926 812 953 cum
837 918 933 953 ruet
956 926 1037 953 axe
1060 911 1202 966 polus.
1408 909 1422 925 ⁸
1811 922 1866 962 30

234 980 332 1021 Hos
355 986 506 1021 tamen
530 979 733 1034 altiloqui
758 980 983 1035 superavit
1007 981 1140 1022 Musa
1164 978 1380 1028 Maronis,

291 1048 499 1090 Maeonia
522 1056 740 1103 quantum
764 1048 960 1091 vincitur
981 1049 1054 1090 ille
1076 1050 1199 1090 tuba.

232 1118 322 1159 Fas
345 1117 453 1159 mihi
478 1117 550 1167 sit,
575 1124 752 1160 nostros
775 1118 856 1160 hos
879 1118 996 1160 inter
1017 1132 1181 1173 ponere
1203 1124 1345 1167 vates,

290 1187 414 1228 Inter
435 1194 478 1228 et
504 1187 752 1241 Hesperias
774 1188 944 1241 plectra
969 1189 1114 1229 Borea
1138 1187 1270 1242 lyras.

232 1256 315 1297 Est
340 1255 522 1310 aliquid,
548 1256 702 1306 fateor,
728 1271 815 1311 quo
839 1271 920 1298 nos
944 1270 1208 1311 superamur
1229 1257 1284 1298 ab
1307 1255 1421 1297 illis:

289 1325 391 1366 Non
415 1339 614 1367 meruere
637 1332 790 1367 tamen
814 1326 930 1368 dona
955 1326 1127 1367 minora
1150 1324 1306 1380 premi.

230 1393 363 1435 Astra
385 1393 508 1435 vides
532 1393 649 1436 inter
670 1394 842 1437 faculas
865 1395 1012 1437 lucere
1035 1394 1249 1444 minutas,

290 1463 385 1504 Nec
408 1462 517 1504 levis
541 1462 644 1505 hinc
668 1464 791 1505 caelo
815 1463 956 1518 surgit
981 1470 1023 1505 et
1046 1463 1147 1505 inde
1171 1463 1302 1504 nitor.

229 1531 408 1586 Aspice,
430 1546 532 1574 vere
555 1547 685 1583 nom,
709 1533 840 1575 flores
864 1547 965 1575 cum
990 1532 1177 1575 daedala
1199 1532 1332 1574 tellus

289 1600 512 1656 Explicat,
537 1608 579 1644 et
603 1602 771 1657 passim
797 1603 878 1645 sub
901 1604 1012 1657 pede
1034 1602 1147 1644 ridet
1171 1601 1362 1650 humus;
1811 1612 1866 1654 40

232 1670 326 1712 Nec
350 1670 472 1712 color
493 1676 560 1713 est
584 1686 716 1722 unuS,
741 1686 822 1714 nec
846 1686 927 1726 par
948 1678 1014 1713 est
1037 1671 1182 1726 gratia
1204 1671 1379 1720 florum,

291 1739 486 1782 Lumina
510 1755 596 1795 quo
620 1748 790 1795 pascat,
815 1741 896 1783 fios
919 1749 1072 1783 tamen
1095 1740 1242 1783 omnis
1264 1740 1412 1782 habet.

229 1809 403 1850 Aureus
426 1817 493 1851 est
517 1809 678 1864 priscis
700 1809 831 1860 nitor,
856 1818 899 1852 et
923 1810 1075 1852 nativa
1098 1817 1327 1859 venustas,

290 1878 349 1918 Et
378 1892 504 1920 sacra
532 1879 760 1929 maiestas,
788 1879 1123 1933 Romuleusque
1148 1878 1288 1933 vigor.

230 1945 423 1988 Vatibus
446 1946 490 1988 in
514 1947 681 1989 nostris
704 1948 863 1990 horum
889 1947 1130 1990 simulacra
1153 1947 1407 2002 placebunt,

289 2016 433 2071 Saepe
455 2017 504 2058 fit
528 2017 731 2072 exemplo
754 2018 893 2072 pluris
916 2018 1065 2072 imago
1093 2032 1186 2059 suo.

231 2083 278 2125 Si
302 2084 407 2138 quid
430 2085 474 2126 in
498 2085 567 2127 his
588 2086 685 2128 vitii
709 2093 790 2137 est,
815 2087 984 2141 patrias
1007 2101 1061 2128 ne
1085 2088 1237 2128 desere
1263 2085 1433 2134 Musas,

290 2155 376 2196 Sed
400 2169 501 2209 rege
528 2155 735 2198 Phoebea
758 2156 927 2211 plectra
952 2155 1171 2197 Britanna
1195 2169 1346 2196 manu.

229 2223 335 2264 Arte
358 2226 515 2266 modos
538 2239 836 2279 numerosque
860 2225 988 2275 iuva3
1022 2239 1140 2267 nunc
1162 2225 1294 2266 tende
1317 2222 1517 2271 remissa,

290 2293 420 2334 Nunc
443 2293 631 2335 nimium
656 2300 812 2336 tensae
835 2295 909 2336 fila
933 2294 1110 2336 remitte
1134 2294 1265 2349 lyrae.
1813 2302 1866 2344 50

231 2361 417 2403 Sumere
439 2362 508 2404 fas
530 2362 701 2413 limam,
724 2363 793 2405 fas
815 2370 881 2405 est
905 2364 1085 2405 eradere
1108 2376 1285 2412 naeVOS,

173 2533 224 2565 23.
248 2525 341 2558 Vivit
357 2525 468 2558 adhuc
486 2527 610 2568 Naso.]
655 2528 684 2558 A
702 2527 851 2569 graceful
869 2528 1040 2569 grouping
1057 2527 1095 2559 of
1107 2528 1165 2559 the
1182 2534 1277 2568 great
1295 2526 1396 2558 Latin
1414 2532 1511 2567 poets
1528 2525 1567 2557 of
1578 2524 1633 2556 old
1654 2525 1771 2556 Rome.

173 2588 224 2619 24.
251 2580 419 2621 Fidicem]
466 2581 613 2613 Horace.

172 2636 224 2666 26.
250 2635 401 2675 Lesbia]
457 2637 624 2677 Suggests
642 2637 808 2668 Catullus.

172 2697 223 2729 27.
248 2689 477 2730 Aemathios.]
533 2691 608 2722 The
635 2701 728 2724 more
755 2697 886 2724 correct
912 2691 1059 2733 spelling
1090 2690 1118 2722 is
1150 2694 1169 2708 ‘¹
1186 2689 1367 2722 Emathios
1380 2691 1410 2721 ”.
1456 2688 1602 2721 Lucan’s
1628 2687 1808 2719 Pharsalia
1837 2687 1865 2718 is

61 2742 202 2774 referred
227 2749 274 2774 to.

173 2807 224 2838 37.
249 2798 350 2829 Astra
373 2797 495 2838 vides]
540 2799 615 2832 The
639 2806 719 2841 poet
741 2800 803 2832 has
828 2810 847 2832 a
872 2800 1017 2841 glimpse
1042 2800 1083 2830 of
1100 2800 1159 2831 the
1184 2798 1331 2839 thought
1355 2797 1535 2839 expressed
1560 2797 1604 2838 by
1628 2796 1864 2828 WVordsworth

62 2849 95 2880 in
118 2851 169 2882 his
193 2852 363 2893 prefatory
389 2852 519 2884 lines—

471 2923 490 2936 ‘·
504 2919 538 2950 Is
552 2919 636 2950 thou
657 2920 777 2952 indeed
796 2920 908 2951 derive
926 2921 986 2961 thy
1004 2920 1089 2961 light
1107 2920 1191 2951 from
1209 2920 1375 2956 heave11‚''
1393 2924 1457 2949 etc.
