2594 3749
635 338 688 389 38
1421 344 1657 377 PARERGA.

866 464 1005 505 Poma
1027 468 1173 512 creat3
1206 461 1368 516 vulgus
1389 475 1522 516 poma
1545 460 1705 504 canina
1727 468 1854 504 vocat
1873 477 1882 503 z
2354 461 2434 503 160

808 532 893 573 His
916 531 1050 574 miser
1072 531 1313 586 ingluviem
1338 531 1496 586 pascit,
1521 530 1731 585 fumoque
1753 530 1915 580 tabaci‚

863 602 951 642 Aut
976 599 1134 642 insana
1155 606 1280 642 vorat
1304 599 1437 648 mala,
1461 599 1699 653 fabamque
1723 599 1829 641 suis.

807 669 976 711 Pabula
999 668 1034 710 si
1057 670 1233 722 quando
1255 669 1487 717 detrectat,
1512 668 1715 723 protinus
1737 682 1906 722 angues

864 737 1069 791 Explicat
1092 736 1292 779 excussis
1313 744 1439 778 torva
1468 737 1677 791 Megaera
1703 737 1857 778 comis.

808 807 905 847 Hos
927 806 1130 861 genitrix,
1155 807 1384 859 nudasque
1406 805 1540 856 faces,
1564 812 1819 860 tortumque
1841 805 2066 859 flagellum

863 877 1125 924 Ostentans,
1150 874 1243 916 nati
1267 875 1400 916 corda
1422 888 1584 928 pavore
1607 873 1766 928 quatit.

805 944 1042 987 Continuis
1063 943 1174 998 fugit
1198 957 1325 985 mens
1347 944 1528 984 tandem
1555 943 1763 985 exterrita
1790 943 2028 990 monst1·is;

863 1011 986 1054 Dixit
1010 1018 1052 1054 et
1076 1018 1321 1061 aeternum,
1345 1024 1433 1052 non
1456 1011 1666 1060 reditura,
1689 1010 1802 1053 vale.

803 1081 871 1123 Tu
896 1081 1147 1135 quicunque
1169 1080 1285 1135 regis
1308 1079 1461 1122 mundi
1485 1079 1691 1129 confinia,
1718 1079 1837 1121 Ditis

861 1151 1079 1194 Claudere
1102 1150 1172 1193 cui
1195 1150 1262 1192 fas
1284 1156 1351 1191 est
1374 1156 1416 1191 et
1439 1163 1634 1191 reserare
1656 1149 1798 1198 fores3
2352 1160 2431 1202 170

805 1219 888 1261 Dic
911 1219 1071 1273 quibus
1093 1217 1305 1273 auspiciis
1327 1218 1454 1259 sedes
1478 1218 1746 1272 Onopordus
1771 1216 1914 1274 avitas

861 1287 1075 1342 Liquerit‚
1100 1294 1147 1329 ut
1172 1293 1324 1329 nostro
1347 1287 1453 1341 figat
1477 1286 1521 1327 in
1544 1287 1647 1328 orbe
1670 1286 1825 1328 larem.

804 1358 862 1399 Et
886 1371 999 1412 quae
1023 1371 1159 1399 causa
1181 1355 1293 1405 viae,
1318 1363 1360 1398 et
1384 1355 1496 1397 lucis
1518 1362 1611 1397 tam
1635 1355 1729 1397 dira
1752 1354 1926 1409 cupido,

860 1428 1071 1482 Quaeque
1093 1426 1225 1468 vehat
1250 1439 1400 1467 secum
1424 1426 1477 1466 de
1502 1425 1638 1480 Styge
1662 1431 1876 1474 monstra,
1901 1423 2026 1465 refer.

803 1497 977 1538 Sortem
1001 1493 1232 1536 hominum
1256 1493 1488 1543 miserans,
1512 1493 1788 1547 praeciderat
1811 1493 2002 1546 Atropos
2029 1505 2200 1546 ungues

861 1566 964 1619 Ipsa
987 1564 1084 1614 sibi,
1109 1578 1204 1613 nee,
1230 1578 1318 1617 quo
1339 1563 1415 1604 fila
1437 1569 1622 1612 secaret,
1646 1568 1756 1604 erat.

800 1632 1090 1675 Transierant
1114 1638 1283 1686 septem
1308 1631 1352 1672 in
1375 1631 1503 1673 terris
1527 1631 1622 1672 sine
1645 1631 1796 1673 funere
1819 1630 1956 1680 luces,

858 1702 951 1743 Nec
976 1700 1175 1743 Libitina
1199 1714 1403 1754 usquam,
1429 1714 1509 1742 nec
1532 1714 1640 1755 pyra
1661 1699 1757 1741 visa
1779 1699 1875 1741 fuit.

802 1770 953 1824 Puppe
977 1770 1136 1811 sedens
1159 1783 1299 1810 vacua
1321 1769 1500 1822 lugebat
1524 1768 1710 1822 portitor
1733 1767 1851 1816 Orci,

858 1841 1070 1881 Vectores
1091 1839 1255 1880 frustra
1277 1845 1406 1880 nocte
1429 1837 1587 1892 dieque
1613 1851 1793 1880 vocans.
2347 1835 2427 1876 180

801 1909 886 1950 His
908 1910 1089 1951 tandem
1113 1922 1329 1950 accensus
1352 1907 1502 1950 Sicula
1529 1921 1631 1949 cum
1660 1906 1847 1961 coniuge
1877 1906 2022 1954 Pluto,

857 1979 1086 2034 Quotquot
1110 1978 1242 2019 habet
1266 1976 1455 2032 populos
1478 1976 1522 2017 in
1546 1990 1626 2018 sua
1648 1983 1768 2018 tecta
1790 1982 1935 2017 vocat.

800 2048 1031 2097 Cerberus,
1055 2053 1098 2089 et
1120 2060 1308 2088 vacuam
1332 2045 1539 2100 quatiens
1561 2052 1687 2099 pater
1709 2046 1882 2087 Aeacus
1905 2058 2078 2093 urnam,

858 2117 916 2158 Et
940 2115 1086 2158 senior
1111 2115 1272 2165 Minos,
1297 2121 1339 2157 et
1366 2115 1742 2156 Rhadamanthus
1765 2115 1906 2156 adest.

799 2184 1188 2237 Eumenidumque
1211 2183 1369 2225 cohors
1391 2182 1511 2224 venit
1534 2197 1635 2224 cum
1659 2183 1822 2237 pubere
1843 2188 1964 2231 nato,

854 2252 937 2295 Cui
960 2259 1055 2294 tum
1079 2252 1253 2294 velabat
1277 2252 1412 2294 barba
1438 2251 1613 2293 novella
1637 2265 1790 2305 genas.

798 2321 931 2363 Venit
955 2328 997 2364 et
1021 2321 1115 2376 ipse
1139 2321 1332 2370 Charon,
1358 2320 1492 2362 remis
1514 2326 1556 2362 et
1584 2334 1730 2374 puppe
1760 2319 1928 2369 relicta,

853 2390 1154 2445 Crudelesque
1179 2391 1299 2432 Deos
1321 2391 1519 2444 duraque
1541 2389 1633 2432 fata
1656 2404 1858 2444 querens.

796 2461 1046 2503 Consedere
1071 2459 1170 2501 Dii:
1206 2466 1294 2501 stat
1317 2459 1482 2501 circum
1506 2460 1636 2501 turba
1665 2458 1902 2508 silentum3

854 2529 1041 2583 Noxque
1064 2528 1195 2570 simul
1218 2529 1395 2570 turbam
1419 2529 1557 2570 densa
1581 2528 1790 2581 Deosque
1812 2526 1933 2581 tegit.
2341 2537 2422 2580 190

794 2596 911 2639 Tum
935 2603 1061 2652 pater
1083 2597 1355 2645 umbrarum,
1382 2595 1514 2645 Socii,
1539 2595 1644 2650 quid
1667 2595 1930 2637 stertimus?
1965 2594 2122 2648 inquit,

854 2666 1015 2708 Libera
1037 2666 1160 2708 nulla
1184 2680 1306 2708 mora
1329 2671 1422 2708 est:
1456 2665 1598 2720 poscit
1621 2665 1822 2707 Avernus
1843 2679 1989 2718 opem.

740 2793 809 2822 161.
836 2791 1012 2832 Fumoque
1028 2790 1169 2830 tabaci.]
1213 2790 1375 2822 Tobacco
1392 2789 1520 2821 smoke.

741 2847 809 2886 169.
835 2845 888 2877 Tu
901 2845 1104 2887 quicumque
1116 2845 1232 2886 regis]
1273 2845 1302 2876 A
1315 2845 1448 2886 change
1461 2845 1545 2876 from
1559 2844 1616 2876 the
1629 2844 1747 2876 earlier
1761 2843 1828 2875 and
1841 2844 1908 2875 less
1922 2842 2089 2875 decorous
2102 2843 2187 2874 form
2201 2842 2234 2873 in
2248 2841 2341 2873 Paris
2352 2841 2419 2873 edi-

623 2899 825 2937 tion,where
836 2910 887 2931 we
898 2899 978 2937 find,
990 2900 1114 2931 Sancte
1129 2900 1263 2936 Parens,
1278 2899 1365 2931 Petri
1377 2899 1482 2930 clavis
1495 2899 1548 2930 cui
1562 2898 1700 2935 credita,
1715 2897 1815 2935 Ditis,
1828 2904 1905 2934 etc.,
1918 2897 1983 2934 i.c.‚
1996 2907 2172 2929 successor
2189 2897 2228 2928 os
2244 2897 2293 2928 St.
2309 2896 2417 2929 Peter.

741 2964 810 2997 172.
838 2955 936 2998 Figat
953 2955 985 2985 in
1003 2954 1082 2986 orbe
1099 2954 1233 2996 larem]
1280 2954 1373 2987 Paris
1389 2954 1529 2991 edition,
1547 2959 1662 2997 ponat·
