2594 3749
591 338 817 371 APOLOGY
852 338 944 371 FOR
976 339 1007 369 A
1042 339 1404 372 FORESTALLER.
1795 344 1874 387 159

265 902 436 943 XXIV.
480 901 800 944 APOLOGIA
837 900 958 943 PRO
996 900 1208 943 BALDO
1247 900 1684 943 DARDANARIO.

193 1036 199 1038 ’
246 1040 317 1081 En
341 1054 422 1093 ego
445 1039 533 1080 iam
558 1040 725 1081 dudum
750 1038 873 1080 senio
895 1038 1125 1080 confectus
1148 1037 1294 1089 inerti,

304 1109 363 1149 Et
387 1109 493 1149 rude
517 1109 710 1149 donatus
732 1122 885 1150 rursus
908 1108 963 1150 ad
986 1122 1111 1149 arma
1133 1107 1300 1149 trahor.

249 1177 436 1218 Institor
456 1190 661 1218 annonae
687 1177 871 1227 Baldus,
896 1175 966 1218 cui
988 1176 1171 1218 tradidit
1195 1182 1336 1218 artem

305 1246 559 1296 Dardanus,
585 1246 700 1288 hanc
723 1252 939 1295 nostram,
966 1260 1099 1300 quam
1123 1246 1230 1296 fero,
1254 1245 1396 1300 poscit
1419 1260 1564 1300 opem.

249 1315 473 1357 Morsibus
497 1315 567 1357 hic
590 1315 710 1369 vulgi
732 1315 905 1366 teritur,
930 1329 1011 1357 nec
1034 1316 1188 1357 rodere
1209 1315 1376 1357 famam

306 1385 453 1426 Dente
476 1390 545 1426 sat
569 1390 650 1434 est,
676 1384 832 1426 multis
858 1384 1000 1439 prurit
1024 1384 1068 1426 in
1092 1399 1217 1426 arma
1239 1399 1415 1426 manus.

248 1453 394 1496 Plebis
417 1453 461 1495 in
480 1454 696 1496 auxilium
722 1455 929 1497 Cererem
952 1453 1018 1496 vir
1040 1454 1250 1508 providus
1273 1454 1367 1496 urbi

305 1522 480 1573 Intulit,
507 1523 616 1565 haec
639 1523 726 1565 odii
750 1523 893 1577 prima
915 1523 1066 1565 favilla
1088 1523 1185 1565 fuit.

247 1593 430 1635 Condus
453 1599 546 1634 erat
570 1607 842 1647 promusque
865 1592 993 1647 peni3
1027 1592 1088 1634 nil
1111 1593 1274 1635 fecerat
1298 1593 1413 1635 ultra

308 1661 388 1702 Vir
409 1661 522 1715 pius,
548 1660 648 1703 inde
671 1667 824 1703 tamen
848 1661 1042 1703 creditur
1064 1675 1162 1703 esse
1185 1676 1300 1703 reus.
1828 1676 1879 1705 10

247 1730 428 1773 Clusius
450 1730 521 1772 hic
545 1730 705 1772 meruit
730 1730 904 1784 dicique
930 1730 1176 1781 Patulcius,
1201 1746 1323 1773 aram

303 1800 362 1841 Et
386 1800 602 1841 tutelares
625 1799 740 1841 inter
762 1799 927 1842 habere
952 1800 1088 1842 Deos.

248 1869 383 1910 Hunc
407 1868 442 1909 si
466 1869 611 1923 prisca
632 1869 776 1911 virum
801 1869 1029 1912 cudissent
1054 1869 1216 1919 saecla,
1240 1883 1321 1912 nec
1344 1870 1437 1912 orbi

306 1938 443 1979 Melia
466 1946 571 1980 nota
594 1939 719 1989 foret,
745 1953 825 1980 nec
852 1939 1069 1980 Perusina
1091 1939 1247 1980 fames.

247 2008 360 2049 Cum
385 2008 498 2060 dape
522 2008 752 2049 subtracta
775 2013 982 2049 natorum
1007 2009 1239 2049 manderet
1263 2013 1401 2057 artus,

307 2075 434 2117 Illius
457 2076 638 2131 Solyme
660 2082 759 2118 tuta
781 2076 938 2118 fuisset
962 2091 1059 2131 ope.

249 2144 376 2186 Illius
399 2145 609 2199 auspiciis
631 2146 782 2187 damni
807 2160 964 2188 secura
988 2147 1217 2200 Saguntus

306 2213 555 2267 Sprevisset
578 2215 785 2264 frameas,
813 2215 983 2257 Punica
1005 2221 1138 2265 terra,
1162 2222 1279 2257 tuas.

249 2283 437 2324 Munera
461 2283 496 2323 si
520 2284 707 2325 damnas
732 2283 920 2334 Cereris,
944 2298 1023 2326 cur
1045 2283 1268 2326 Bacchica
1291 2284 1480 2326 laudas?

307 2352 420 2392 Sunt
444 2351 764 2406 consanguinei
790 2352 997 2394 Bacchus
1020 2360 1062 2394 et
1086 2353 1205 2394 alma
1229 2353 1378 2394 Ceres,
1826 2368 1880 2396 20

250 2420 423 2461 Horrea
445 2420 556 2462 ferre
579 2420 737 2475 nequis
759 2421 897 2463 veteri
920 2421 1147 2475 turgentia
1171 2436 1330 2471 messe,

305 2488 421 2530 Vina
443 2496 595 2530 tamen
621 2491 762 2531 Bruto
786 2490 981 2532 Consule
1004 2497 1111 2532 nata
1135 2490 1259 2532 bibis.

250 2558 341 2600 Cur
361 2564 556 2599 veterem
582 2559 828 2609 Bacchum,
854 2560 1060 2602 Cererem
1087 2558 1153 2600 vis
1176 2573 1272 2600 esse
1295 2559 1533 2610 novellam,

307 2627 421 2668 Cum
448 2627 572 2668 Deus
595 2626 666 2669 hic
689 2627 875 2678 iuvenis,
901 2628 1018 2669 Diva
1040 2633 1223 2682 putetur
1243 2628 1389 2669 anus?

252 2694 324 2736 Sic
347 2694 496 2749 inquis
519 2695 681 2737 misero
704 2696 909 2739 subducit
932 2697 1048 2739 farra
1071 2696 1246 2751 popello

309 2763 494 2815 Baldus‚
519 2771 561 2806 et
584 2764 769 2816 inducit,
794 2780 895 2808 cum
919 2765 1056 2816 lubet,
1081 2771 1175 2807 arte
1197 2765 1378 2807 famem.

197 2898 243 2928 14.
274 2889 404 2929 Melia]
451 2889 628 2921 “Famine
654 2896 688 2921 at
716 2890 865 2930 Melos,⁷’
893 2890 1061 2931 Thucyd.‚
1088 2891 1130 2922 V.
1155 2891 1275 2931 84.—-“
1292 2891 1487 2929 Perusina,'⁷
1514 2891 1577 2928 i.e.‚
1604 2898 1637 2922 at
1667 2892 1820 2934 Perugia,
1847 2892 1880 2923 in

85 2941 213 2973 Roman
237 2943 312 2974 civil
335 2954 433 2982 wars,
460 2954 528 2977 B.c.
554 2955 605 2984 41.
