<?xml version="1.0" encoding="UTF-8"?>
<!DOCTYPE html PUBLIC "-//W3C//DTD XHTML 1.0 Transitional//EN"
    "http://www.w3.org/TR/xhtml1/DTD/xhtml1-transitional.dtd">
<html xmlns="http://www.w3.org/1999/xhtml" xml:lang="en" lang="en">
 <head>
  <title>
</title>
<meta http-equiv="Content-Type" content="text/html;charset=utf-8" />
  <meta name='ocr-system' content='tesseract 3.04.00' />
  <meta name='ocr-capabilities' content='ocr_page ocr_carea ocr_par ocr_line ocrx_word'/>
</head>
<body>
  <div class='ocr_page' id='page_1' title='image "./musalatinaaberdo01gedduoft_0146.png"; bbox 0 0 2594 3749; ppageno 0'>
   <div class='ocr_carea' id='block_1_1' title="bbox 682 281 762 323">
    <p class='ocr_par' dir='ltr' id='par_1_1' title="bbox 682 281 762 323">
     <span class='ocr_line' id='line_1_1' title="bbox 682 281 762 323; baseline 0.025 -2"><span class='ocrx_word' id='word_1_1' title='bbox 682 281 762 323; x_wconf 87' lang='lat'>108</span> 
     </span>
    </p>
   </div>
   <div class='ocr_carea' id='block_1_2' title="bbox 1465 292 1701 324">
    <p class='ocr_par' dir='ltr' id='par_1_2' title="bbox 1465 292 1701 324">
     <span class='ocr_line' id='line_1_2' title="bbox 1465 292 1701 324; baseline 0.004 -1"><span class='ocrx_word' id='word_1_2' title='bbox 1465 292 1701 324; x_wconf 78' lang='lat' dir='ltr'>PARERGA.</span> 
     </span>
    </p>
   </div>
   <div class='ocr_carea' id='block_1_3' title="bbox 968 843 2194 887">
    <p class='ocr_par' dir='ltr' id='par_1_3' title="bbox 968 843 2194 887">
     <span class='ocr_line' id='line_1_3' title="bbox 968 843 2194 887; baseline 0.001 -3"><span class='ocrx_word' id='word_1_3' title='bbox 968 843 1105 884; x_wconf 91' lang='lat' dir='ltr'><strong>XIII.</strong></span> <span class='ocrx_word' id='word_1_4' title='bbox 1148 844 1232 884; x_wconf 91' lang='lat' dir='ltr'>AD</span> <span class='ocrx_word' id='word_1_5' title='bbox 1277 843 1580 887; x_wconf 88' lang='lat' dir='ltr'>SENATUM</span> <span class='ocrx_word' id='word_1_6' title='bbox 1629 845 2194 887; x_wconf 89' lang='lat' dir='ltr'><strong>MECHLINIENSEM.</strong></span> 
     </span>
    </p>
   </div>
   <div class='ocr_carea' id='block_1_4' title="bbox 856 980 2120 2759">
    <p class='ocr_par' dir='ltr' id='par_1_4' title="bbox 856 980 2025 1104">
     <span class='ocr_line' id='line_1_4' title="bbox 856 980 2025 1035; baseline 0.002 -13"><span class='ocrx_word' id='word_1_7' title='bbox 856 981 992 1022; x_wconf 91' lang='lat' dir='ltr'>Sacra</span> <span class='ocrx_word' id='word_1_8' title='bbox 1015 980 1187 1031; x_wconf 89' lang='lat' dir='ltr'>cohors,</span> <span class='ocrx_word' id='word_1_9' title='bbox 1213 982 1301 1023; x_wconf 89' lang='lat' dir='ltr'>late</span> <span class='ocrx_word' id='word_1_10' title='bbox 1324 981 1499 1035; x_wconf 83' lang='lat' dir='ltr'>populis</span> <span class='ocrx_word' id='word_1_11' title='bbox 1523 996 1636 1035; x_wconf 89' lang='lat' dir='ltr'>quae</span> <span class='ocrx_word' id='word_1_12' title='bbox 1658 981 1754 1024; x_wconf 88' lang='lat' dir='ltr'>iura</span> <span class='ocrx_word' id='word_1_13' title='bbox 1781 981 2025 1032; x_wconf 88' lang='lat' dir='ltr'>ministras,</span> 
     </span>
     <span class='ocr_line' id='line_1_5' title="bbox 912 1050 1838 1104; baseline 0.003 -14"><span class='ocrx_word' id='word_1_14' title='bbox 912 1050 1105 1092; x_wconf 85' lang='lat' dir='ltr'>Arbitrio</span> <span class='ocrx_word' id='word_1_15' title='bbox 1129 1051 1296 1092; x_wconf 86' lang='lat' dir='ltr'>librans</span> <span class='ocrx_word' id='word_1_16' title='bbox 1318 1051 1472 1104; x_wconf 85' lang='lat' dir='ltr'>fasque</span> <span class='ocrx_word' id='word_1_17' title='bbox 1497 1051 1708 1104; x_wconf 80' lang='lat' dir='ltr'>nefasque</span> <span class='ocrx_word' id='word_1_18' title='bbox 1735 1058 1838 1093; x_wconf 87' lang='lat' dir='ltr'>tuo:</span> 
     </span>
    </p>

    <p class='ocr_par' dir='ltr' id='par_1_5' title="bbox 859 1118 2047 1312">
     <span class='ocr_line' id='line_1_6' title="bbox 859 1118 2033 1173; baseline 0.002 -14"><span class='ocrx_word' id='word_1_19' title='bbox 859 1119 927 1159; x_wconf 94' lang='lat' dir='ltr'>De</span> <span class='ocrx_word' id='word_1_20' title='bbox 949 1118 1090 1159; x_wconf 88' lang='lat' dir='ltr'>tribus</span> <span class='ocrx_word' id='word_1_21' title='bbox 1113 1133 1201 1160; x_wconf 88' lang='lat' dir='ltr'>una</span> <span class='ocrx_word' id='word_1_22' title='bbox 1224 1118 1332 1159; x_wconf 87' lang='lat' dir='ltr'>mihi</span> <span class='ocrx_word' id='word_1_23' title='bbox 1357 1133 1563 1173; x_wconf 88' lang='lat' dir='ltr'>superes:</span> <span class='ocrx_word' id='word_1_24' title='bbox 1597 1119 1676 1160; x_wconf 89' lang='lat' dir='ltr'>tibi</span> <span class='ocrx_word' id='word_1_25' title='bbox 1699 1134 1908 1173; x_wconf 90' lang='lat' dir='ltr'>nuncupo</span> <span class='ocrx_word' id='word_1_26' title='bbox 1930 1126 2033 1161; x_wconf 89' lang='lat' dir='ltr'>vota</span> 
     </span>
     <span class='ocr_line' id='line_1_7' title="bbox 916 1186 1981 1242; baseline 0.001 -14"><span class='ocrx_word' id='word_1_27' title='bbox 916 1187 1146 1228; x_wconf 85' lang='lat' dir='ltr'>Cernuus:</span> <span class='ocrx_word' id='word_1_28' title='bbox 1181 1186 1359 1237; x_wconf 88' lang='lat' dir='ltr'>afflicto,</span> <span class='ocrx_word' id='word_1_29' title='bbox 1385 1202 1519 1241; x_wconf 89' lang='lat' dir='ltr'>quam</span> <span class='ocrx_word' id='word_1_30' title='bbox 1543 1194 1683 1241; x_wconf 86' lang='lat' dir='ltr'>potes,</span> <span class='ocrx_word' id='word_1_31' title='bbox 1708 1188 1816 1230; x_wconf 86' lang='lat' dir='ltr'>affer</span> <span class='ocrx_word' id='word_1_32' title='bbox 1837 1202 1981 1242; x_wconf 92' lang='lat' dir='ltr'>opem.</span> 
     </span>
     <span class='ocr_line' id='line_1_8' title="bbox 859 1255 2047 1312; baseline 0.002 -15"><span class='ocrx_word' id='word_1_33' title='bbox 859 1255 937 1297; x_wconf 86' lang='lat' dir='ltr'>Bis</span> <span class='ocrx_word' id='word_1_34' title='bbox 959 1262 1129 1310; x_wconf 85' lang='lat' dir='ltr'>quater,</span> <span class='ocrx_word' id='word_1_35' title='bbox 1150 1256 1205 1297; x_wconf 85' lang='lat' dir='ltr'>ah</span> <span class='ocrx_word' id='word_1_36' title='bbox 1230 1256 1426 1306; x_wconf 89' lang='lat' dir='ltr'>memini,</span> <span class='ocrx_word' id='word_1_37' title='bbox 1452 1256 1641 1298; x_wconf 85' lang='lat' dir='ltr'>mutavit</span> <span class='ocrx_word' id='word_1_38' title='bbox 1666 1257 1860 1312; x_wconf 91' lang='lat' dir='ltr'>Cynthia</span> <span class='ocrx_word' id='word_1_39' title='bbox 1882 1258 2047 1307; x_wconf 89' lang='lat' dir='ltr'>vultus,</span> 
     </span>
    </p>

    <p class='ocr_par' dir='ltr' id='par_1_6' title="bbox 860 1324 2120 2759">
     <span class='ocr_line' id='line_1_9' title="bbox 917 1324 2028 1375; baseline 0.002 -10"><span class='ocrx_word' id='word_1_40' title='bbox 917 1325 1011 1365; x_wconf 94' lang='lat' dir='ltr'>Nec</span> <span class='ocrx_word' id='word_1_41' title='bbox 1030 1325 1188 1365; x_wconf 89' lang='lat' dir='ltr'>modus</span> <span class='ocrx_word' id='word_1_42' title='bbox 1211 1331 1277 1366; x_wconf 88' lang='lat' dir='ltr'>est</span> <span class='ocrx_word' id='word_1_43' title='bbox 1302 1324 1480 1375; x_wconf 87' lang='lat' dir='ltr'>nostris,</span> <span class='ocrx_word' id='word_1_44' title='bbox 1506 1332 1625 1367; x_wconf 89' lang='lat' dir='ltr'>meta</span> <span class='ocrx_word' id='word_1_45' title='bbox 1649 1340 1729 1367; x_wconf 92' lang='lat' dir='ltr'>nec</span> <span class='ocrx_word' id='word_1_46' title='bbox 1753 1326 1857 1375; x_wconf 89' lang='lat' dir='ltr'>ulla,</span> <span class='ocrx_word' id='word_1_47' title='bbox 1883 1326 2028 1367; x_wconf 89' lang='lat' dir='ltr'>malis.</span> 
     </span>
     <span class='ocr_line' id='line_1_10' title="bbox 860 1393 1971 1448; baseline 0.003 -14"><span class='ocrx_word' id='word_1_48' title='bbox 860 1393 961 1434; x_wconf 92' lang='lat' dir='ltr'>Non</span> <span class='ocrx_word' id='word_1_49' title='bbox 985 1393 1046 1434; x_wconf 91' lang='lat' dir='ltr'>ita</span> <span class='ocrx_word' id='word_1_50' title='bbox 1069 1393 1300 1448; x_wconf 89' lang='lat' dir='ltr'>Tyrrheno</span> <span class='ocrx_word' id='word_1_51' title='bbox 1322 1400 1508 1436; x_wconf 86' lang='lat' dir='ltr'>vexatur</span> <span class='ocrx_word' id='word_1_52' title='bbox 1528 1394 1572 1435; x_wconf 89' lang='lat' dir='ltr'>in</span> <span class='ocrx_word' id='word_1_53' title='bbox 1596 1409 1786 1448; x_wconf 88' lang='lat' dir='ltr'>aequore</span> <span class='ocrx_word' id='word_1_54' title='bbox 1809 1410 1971 1445; x_wconf 84' lang='lat' dir='ltr'><strong>remex,</strong></span> 
     </span>
     <span class='ocr_line' id='line_1_11' title="bbox 916 1462 1913 1516; baseline 0.002 -13"><span class='ocrx_word' id='word_1_55' title='bbox 916 1462 1108 1504; x_wconf 88' lang='lat' dir='ltr'>Assiduo</span> <span class='ocrx_word' id='word_1_56' title='bbox 1132 1477 1213 1504; x_wconf 93' lang='lat' dir='ltr'>nec</span> <span class='ocrx_word' id='word_1_57' title='bbox 1237 1463 1310 1516; x_wconf 90' lang='lat' dir='ltr'>qui</span> <span class='ocrx_word' id='word_1_58' title='bbox 1333 1478 1509 1505; x_wconf 90' lang='lat' dir='ltr'>vomere</span> <span class='ocrx_word' id='word_1_59' title='bbox 1536 1470 1683 1505; x_wconf 88' lang='lat' dir='ltr'>versat</span> <span class='ocrx_word' id='word_1_60' title='bbox 1711 1464 1913 1505; x_wconf 86' lang='lat' dir='ltr'>humum.</span> 
     </span>
     <span class='ocr_line' id='line_1_12' title="bbox 863 1530 1898 1586; baseline 0.004 -15"><span class='ocrx_word' id='word_1_61' title='bbox 863 1530 1020 1572; x_wconf 90' lang='lat' dir='ltr'>Mitius</span> <span class='ocrx_word' id='word_1_62' title='bbox 1043 1531 1249 1573; x_wconf 83' lang='lat' dir='ltr'>Aeolides</span> <span class='ocrx_word' id='word_1_63' title='bbox 1272 1532 1417 1574; x_wconf 90' lang='lat' dir='ltr'>medio</span> <span class='ocrx_word' id='word_1_64' title='bbox 1439 1539 1670 1586; x_wconf 80' lang='lat' dir='ltr'>torquetur</span> <span class='ocrx_word' id='word_1_65' title='bbox 1696 1533 1739 1574; x_wconf 91' lang='lat' dir='ltr'>in</span> <span class='ocrx_word' id='word_1_66' title='bbox 1769 1534 1898 1584; x_wconf 93' lang='lat' dir='ltr'>Orco,</span> 
     </span>
     <span class='ocr_line' id='line_1_13' title="bbox 919 1599 1808 1656; baseline 0.004 -16"><span class='ocrx_word' id='word_1_67' title='bbox 919 1599 1071 1641; x_wconf 86' lang='lat' dir='ltr'>Mitior</span> <span class='ocrx_word' id='word_1_68' title='bbox 1092 1606 1159 1642; x_wconf 90' lang='lat' dir='ltr'>est</span> <span class='ocrx_word' id='word_1_69' title='bbox 1185 1601 1367 1656; x_wconf 81' lang='lat' dir='ltr'>Stygiae</span> <span class='ocrx_word' id='word_1_70' title='bbox 1390 1601 1648 1643; x_wconf 88' lang='lat' dir='ltr'>carnificina</span> <span class='ocrx_word' id='word_1_71' title='bbox 1672 1608 1808 1644; x_wconf 87' lang='lat' dir='ltr'>rotae.</span> 
     </span>
     <span class='ocr_line' id='line_1_14' title="bbox 863 1669 1963 1721; baseline 0.003 -12"><span class='ocrx_word' id='word_1_72' title='bbox 863 1669 1098 1710; x_wconf 84' lang='lat' dir='ltr'>Hactenus</span> <span class='ocrx_word' id='word_1_73' title='bbox 1121 1669 1283 1711; x_wconf 92' lang='lat' dir='ltr'>indulsi</span> <span class='ocrx_word' id='word_1_74' title='bbox 1308 1669 1482 1719; x_wconf 93' lang='lat' dir='ltr'>studiis,</span> <span class='ocrx_word' id='word_1_75' title='bbox 1508 1671 1613 1711; x_wconf 92' lang='lat' dir='ltr'>dum</span> <span class='ocrx_word' id='word_1_76' title='bbox 1636 1670 1728 1713; x_wconf 86' lang='lat' dir='ltr'>fata</span> <span class='ocrx_word' id='word_1_77' title='bbox 1749 1670 1963 1721; x_wconf 88' lang='lat' dir='ltr'>faverent,</span> 
     </span>
     <span class='ocr_line' id='line_1_15' title="bbox 920 1737 1815 1794; baseline 0.003 -16"><span class='ocrx_word' id='word_1_78' title='bbox 920 1737 1105 1792; x_wconf 85' lang='lat' dir='ltr'>Ingenio</span> <span class='ocrx_word' id='word_1_79' title='bbox 1128 1738 1246 1780; x_wconf 89' lang='lat' dir='ltr'>sensi</span> <span class='ocrx_word' id='word_1_80' title='bbox 1271 1753 1384 1792; x_wconf 86' lang='lat' dir='ltr'>quae</span> <span class='ocrx_word' id='word_1_81' title='bbox 1408 1738 1551 1794; x_wconf 85' lang='lat' dir='ltr'>magis</span> <span class='ocrx_word' id='word_1_82' title='bbox 1573 1747 1678 1793; x_wconf 84' lang='lat' dir='ltr'>apta</span> <span class='ocrx_word' id='word_1_83' title='bbox 1702 1754 1815 1781; x_wconf 90' lang='lat' dir='ltr'>meo.</span> 
     </span>
     <span class='ocr_line' id='line_1_16' title="bbox 862 1805 2013 1858; baseline 0.002 -10"><span class='ocrx_word' id='word_1_84' title='bbox 862 1806 980 1848; x_wconf 91' lang='lat' dir='ltr'>Cura</span> <span class='ocrx_word' id='word_1_85' title='bbox 1003 1805 1124 1856; x_wconf 88' lang='lat' dir='ltr'>mihi,</span> <span class='ocrx_word' id='word_1_86' title='bbox 1149 1820 1230 1848; x_wconf 91' lang='lat' dir='ltr'>nec</span> <span class='ocrx_word' id='word_1_87' title='bbox 1252 1821 1383 1857; x_wconf 85' lang='lat' dir='ltr'>vana,</span> <span class='ocrx_word' id='word_1_88' title='bbox 1406 1807 1503 1858; x_wconf 86' lang='lat' dir='ltr'>fuit,</span> <span class='ocrx_word' id='word_1_89' title='bbox 1528 1807 1825 1850; x_wconf 81' lang='lat' dir='ltr'>medicamina</span> <span class='ocrx_word' id='word_1_90' title='bbox 1847 1808 2013 1850; x_wconf 85' lang='lat' dir='ltr'>morbis</span> 
     </span>
     <span class='ocr_line' id='line_1_17' title="bbox 922 1875 2120 1931; baseline 0.002 -16"><span class='ocrx_word' id='word_1_91' title='bbox 922 1875 1157 1929; x_wconf 84' lang='lat' dir='ltr'>Quaerere,</span> <span class='ocrx_word' id='word_1_92' title='bbox 1183 1890 1295 1929; x_wconf 90' lang='lat' dir='ltr'>quae</span> <span class='ocrx_word' id='word_1_93' title='bbox 1318 1875 1504 1930; x_wconf 90' lang='lat' dir='ltr'>priscus,</span> <span class='ocrx_word' id='word_1_94' title='bbox 1529 1891 1643 1931; x_wconf 90' lang='lat' dir='ltr'>quae</span> <span class='ocrx_word' id='word_1_95' title='bbox 1666 1891 1808 1919; x_wconf 88' lang='lat' dir='ltr'>novus</span> <span class='ocrx_word' id='word_1_96' title='bbox 1830 1877 1948 1920; x_wconf 92' lang='lat' dir='ltr'>orbis</span> <span class='ocrx_word' id='word_1_97' title='bbox 1971 1877 2120 1920; x_wconf 90' lang='lat' dir='ltr'>habet.</span> 
     </span>
     <span class='ocr_line' id='line_1_18' title="bbox 865 1943 2006 2000; baseline 0.004 -16"><span class='ocrx_word' id='word_1_98' title='bbox 865 1944 963 1985; x_wconf 89' lang='lat' dir='ltr'>Has</span> <span class='ocrx_word' id='word_1_99' title='bbox 986 1943 1109 1994; x_wconf 86' lang='lat' dir='ltr'>mihi,</span> <span class='ocrx_word' id='word_1_100' title='bbox 1134 1959 1395 1986; x_wconf 90' lang='lat' dir='ltr'>succurrens</span> <span class='ocrx_word' id='word_1_101' title='bbox 1418 1945 1562 2000; x_wconf 83' lang='lat' dir='ltr'>aegris</span> <span class='ocrx_word' id='word_1_102' title='bbox 1586 1946 1862 1996; x_wconf 81' lang='lat' dir='ltr'>mortalibus,</span> <span class='ocrx_word' id='word_1_103' title='bbox 1887 1953 2006 1989; x_wconf 90' lang='lat' dir='ltr'>artes</span> 
     </span>
     <span class='ocr_line' id='line_1_19' title="bbox 922 2012 1848 2069; baseline 0.003 -17"><span class='ocrx_word' id='word_1_104' title='bbox 922 2012 1141 2054; x_wconf 89' lang='lat' dir='ltr'>Paeoniae</span> <span class='ocrx_word' id='word_1_105' title='bbox 1164 2013 1332 2067; x_wconf 89' lang='lat' dir='ltr'>primus</span> <span class='ocrx_word' id='word_1_106' title='bbox 1355 2014 1537 2056; x_wconf 88' lang='lat' dir='ltr'>tradidit</span> <span class='ocrx_word' id='word_1_107' title='bbox 1560 2021 1716 2056; x_wconf 84' lang='lat' dir='ltr'>auctor</span> <span class='ocrx_word' id='word_1_108' title='bbox 1738 2015 1848 2069; x_wconf 91' lang='lat' dir='ltr'>opis.</span> 
     </span>
     <span class='ocr_line' id='line_1_20' title="bbox 863 2081 2048 2137; baseline 0.004 -16"><span class='ocrx_word' id='word_1_109' title='bbox 863 2081 1043 2122; x_wconf 85' lang='lat' dir='ltr'>Addidit</span> <span class='ocrx_word' id='word_1_110' title='bbox 1066 2088 1108 2123; x_wconf 89' lang='lat' dir='ltr'>et</span> <span class='ocrx_word' id='word_1_111' title='bbox 1132 2082 1364 2136; x_wconf 88' lang='lat' dir='ltr'>plectrum,</span> <span class='ocrx_word' id='word_1_112' title='bbox 1390 2085 1504 2137; x_wconf 91' lang='lat' dir='ltr'>quod</span> <span class='ocrx_word' id='word_1_113' title='bbox 1529 2098 1609 2126; x_wconf 93' lang='lat' dir='ltr'>nec</span> <span class='ocrx_word' id='word_1_114' title='bbox 1633 2083 1740 2124; x_wconf 90' lang='lat' dir='ltr'>mihi</span> <span class='ocrx_word' id='word_1_115' title='bbox 1765 2084 1902 2126; x_wconf 90' lang='lat' dir='ltr'>serior</span> <span class='ocrx_word' id='word_1_116' title='bbox 1923 2090 2048 2126; x_wconf 89' lang='lat' dir='ltr'>aetas</span> 
     </span>
     <span class='ocr_line' id='line_1_21' title="bbox 922 2151 1804 2207; baseline 0.002 -15"><span class='ocrx_word' id='word_1_117' title='bbox 922 2151 1132 2201; x_wconf 91' lang='lat' dir='ltr'>Abstulit,</span> <span class='ocrx_word' id='word_1_118' title='bbox 1158 2151 1324 2193; x_wconf 88' lang='lat' dir='ltr'>Aonios</span> <span class='ocrx_word' id='word_1_119' title='bbox 1348 2153 1611 2207; x_wconf 88' lang='lat' dir='ltr'>edocuitque</span> <span class='ocrx_word' id='word_1_120' title='bbox 1639 2154 1804 2194; x_wconf 89' lang='lat' dir='ltr'>modos.</span> 
     </span>
     <span class='ocr_line' id='line_1_22' title="bbox 866 2219 1888 2274; baseline 0.003 -13"><span class='ocrx_word' id='word_1_121' title='bbox 866 2219 938 2261; x_wconf 91' lang='lat' dir='ltr'>Sic</span> <span class='ocrx_word' id='word_1_122' title='bbox 962 2234 1042 2274; x_wconf 88' lang='lat' dir='ltr'>ego</span> <span class='ocrx_word' id='word_1_123' title='bbox 1066 2235 1270 2262; x_wconf 91' lang='lat' dir='ltr'>securum</span> <span class='ocrx_word' id='word_1_124' title='bbox 1295 2221 1397 2262; x_wconf 83' lang='lat' dir='ltr'>duxi</span> <span class='ocrx_word' id='word_1_125' title='bbox 1421 2221 1516 2263; x_wconf 90' lang='lat' dir='ltr'>sine</span> <span class='ocrx_word' id='word_1_126' title='bbox 1539 2222 1691 2264; x_wconf 89' lang='lat' dir='ltr'>litibus</span> <span class='ocrx_word' id='word_1_127' title='bbox 1715 2237 1888 2272; x_wconf 87' lang='lat' dir='ltr'>aevum,</span> 
     </span>
     <span class='ocr_line' id='line_1_23' title="bbox 925 2290 1990 2346; baseline 0.002 -16"><span class='ocrx_word' id='word_1_128' title='bbox 925 2290 1018 2330; x_wconf 90' lang='lat' dir='ltr'>Nec</span> <span class='ocrx_word' id='word_1_129' title='bbox 1040 2290 1133 2331; x_wconf 87' lang='lat' dir='ltr'>fora</span> <span class='ocrx_word' id='word_1_130' title='bbox 1156 2291 1411 2344; x_wconf 89' lang='lat' dir='ltr'>carpebant,</span> <span class='ocrx_word' id='word_1_131' title='bbox 1436 2305 1516 2333; x_wconf 91' lang='lat' dir='ltr'>nec</span> <span class='ocrx_word' id='word_1_132' title='bbox 1540 2291 1648 2332; x_wconf 88' lang='lat' dir='ltr'>mihi</span> <span class='ocrx_word' id='word_1_133' title='bbox 1672 2298 1848 2345; x_wconf 90' lang='lat' dir='ltr'>praetor</span> <span class='ocrx_word' id='word_1_134' title='bbox 1869 2307 1990 2346; x_wconf 90' lang='lat' dir='ltr'>opes.</span> 
     </span>
     <span class='ocr_line' id='line_1_24' title="bbox 871 2358 1979 2415; baseline 0.004 -17"><span class='ocrx_word' id='word_1_135' title='bbox 871 2358 1001 2398; x_wconf 90' lang='lat' dir='ltr'>Nunc</span> <span class='ocrx_word' id='word_1_136' title='bbox 1024 2359 1160 2399; x_wconf 88' lang='lat' dir='ltr'>trahit</span> <span class='ocrx_word' id='word_1_137' title='bbox 1185 2359 1228 2399; x_wconf 90' lang='lat' dir='ltr'>in</span> <span class='ocrx_word' id='word_1_138' title='bbox 1252 2359 1368 2401; x_wconf 83' lang='lat' dir='ltr'>rixas</span> <span class='ocrx_word' id='word_1_139' title='bbox 1392 2360 1662 2414; x_wconf 83' lang='lat' dir='ltr'>indignaque</span> <span class='ocrx_word' id='word_1_140' title='bbox 1685 2361 1827 2415; x_wconf 86' lang='lat' dir='ltr'>iurgia</span> <span class='ocrx_word' id='word_1_141' title='bbox 1850 2361 1979 2402; x_wconf 89' lang='lat' dir='ltr'>miles</span> 
     </span>
     <span class='ocr_line' id='line_1_25' title="bbox 928 2426 1979 2482; baseline 0.004 -15"><span class='ocrx_word' id='word_1_142' title='bbox 928 2426 1091 2468; x_wconf 91' lang='lat' dir='ltr'>Nescio</span> <span class='ocrx_word' id='word_1_143' title='bbox 1114 2427 1227 2481; x_wconf 89' lang='lat' dir='ltr'>quis,</span> <span class='ocrx_word' id='word_1_144' title='bbox 1253 2427 1459 2482; x_wconf 89' lang='lat' dir='ltr'>scopulos</span> <span class='ocrx_word' id='word_1_145' title='bbox 1482 2428 1596 2470; x_wconf 86' lang='lat' dir='ltr'>inter</span> <span class='ocrx_word' id='word_1_146' title='bbox 1618 2436 1660 2471; x_wconf 91' lang='lat' dir='ltr'>et</span> <span class='ocrx_word' id='word_1_147' title='bbox 1683 2436 1811 2471; x_wconf 89' lang='lat' dir='ltr'>antra</span> <span class='ocrx_word' id='word_1_148' title='bbox 1839 2437 1979 2471; x_wconf 89' lang='lat' dir='ltr'>satus.</span> 
     </span>
     <span class='ocr_line' id='line_1_26' title="bbox 870 2496 2002 2551; baseline 0.004 -15"><span class='ocrx_word' id='word_1_149' title='bbox 870 2496 990 2536; x_wconf 91' lang='lat' dir='ltr'>Dum</span> <span class='ocrx_word' id='word_1_150' title='bbox 1014 2502 1116 2549; x_wconf 91' lang='lat' dir='ltr'>peto</span> <span class='ocrx_word' id='word_1_151' title='bbox 1139 2511 1251 2550; x_wconf 90' lang='lat' dir='ltr'>quae</span> <span class='ocrx_word' id='word_1_152' title='bbox 1273 2498 1418 2547; x_wconf 90' lang='lat' dir='ltr'>debet,</span> <span class='ocrx_word' id='word_1_153' title='bbox 1443 2512 1556 2551; x_wconf 87' lang='lat' dir='ltr'>quae</span> <span class='ocrx_word' id='word_1_154' title='bbox 1575 2514 1621 2540; x_wconf 93' lang='lat' dir='ltr'>se</span> <span class='ocrx_word' id='word_1_155' title='bbox 1643 2499 1801 2540; x_wconf 91' lang='lat' dir='ltr'>debere</span> <span class='ocrx_word' id='word_1_156' title='bbox 1823 2499 2002 2549; x_wconf 89' lang='lat' dir='ltr'>fatetur,</span> 
     </span>
     <span class='ocr_line' id='line_1_27' title="bbox 929 2564 1822 2620; baseline 0.004 -15"><span class='ocrx_word' id='word_1_157' title='bbox 929 2564 1052 2606; x_wconf 91' lang='lat' dir='ltr'>Mille</span> <span class='ocrx_word' id='word_1_158' title='bbox 1075 2565 1165 2619; x_wconf 92' lang='lat' dir='ltr'>pati</span> <span class='ocrx_word' id='word_1_159' title='bbox 1190 2566 1306 2620; x_wconf 88' lang='lat' dir='ltr'>cogit</span> <span class='ocrx_word' id='word_1_160' title='bbox 1330 2567 1491 2616; x_wconf 89' lang='lat' dir='ltr'>taedia,</span> <span class='ocrx_word' id='word_1_161' title='bbox 1517 2567 1636 2609; x_wconf 91' lang='lat' dir='ltr'>mille</span> <span class='ocrx_word' id='word_1_162' title='bbox 1660 2582 1822 2609; x_wconf 87' lang='lat' dir='ltr'>moras.</span> 
     </span>
     <span class='ocr_line' id='line_1_28' title="bbox 871 2633 2095 2691; baseline 0.003 -17"><span class='ocrx_word' id='word_1_163' title='bbox 871 2633 990 2675; x_wconf 91' lang='lat' dir='ltr'>Hinc</span> <span class='ocrx_word' id='word_1_164' title='bbox 1013 2635 1163 2688; x_wconf 90' lang='lat' dir='ltr'>procul</span> <span class='ocrx_word' id='word_1_165' title='bbox 1188 2636 1423 2678; x_wconf 89' lang='lat' dir='ltr'>Ardennae</span> <span class='ocrx_word' id='word_1_166' title='bbox 1446 2651 1680 2678; x_wconf 89' lang='lat' dir='ltr'>nemoroso</span> <span class='ocrx_word' id='word_1_167' title='bbox 1702 2637 1746 2678; x_wconf 91' lang='lat' dir='ltr'>in</span> <span class='ocrx_word' id='word_1_168' title='bbox 1770 2637 1924 2686; x_wconf 90' lang='lat' dir='ltr'>limite,</span> <span class='ocrx_word' id='word_1_169' title='bbox 1949 2651 2095 2691; x_wconf 87' lang='lat' dir='ltr'>rupes,</span> 
     </span>
     <span class='ocr_line' id='line_1_29' title="bbox 931 2703 2048 2759; baseline 0.002 -16"><span class='ocrx_word' id='word_1_170' title='bbox 931 2703 1114 2757; x_wconf 86' lang='lat' dir='ltr'>Propter</span> <span class='ocrx_word' id='word_1_171' title='bbox 1135 2718 1289 2758; x_wconf 90' lang='lat' dir='ltr'>aquas,</span> <span class='ocrx_word' id='word_1_172' title='bbox 1314 2704 1509 2759; x_wconf 90' lang='lat' dir='ltr'>scopulis</span> <span class='ocrx_word' id='word_1_173' title='bbox 1532 2705 1671 2759; x_wconf 87' lang='lat' dir='ltr'>surgit</span> <span class='ocrx_word' id='word_1_174' title='bbox 1695 2711 1737 2746; x_wconf 89' lang='lat' dir='ltr'>et</span> <span class='ocrx_word' id='word_1_175' title='bbox 1761 2719 1860 2747; x_wconf 89' lang='lat' dir='ltr'>arce</span> <span class='ocrx_word' id='word_1_176' title='bbox 1884 2704 2048 2747; x_wconf 83' lang='lat' dir='ltr'>minax.</span> 
     </span>
    </p>
   </div>
   <div class='ocr_carea' id='block_1_5' title="bbox 950 2837 2258 2881">
    <p class='ocr_par' dir='ltr' id='par_1_7' title="bbox 950 2837 2258 2881">
     <span class='ocr_line' id='line_1_30' title="bbox 950 2837 2258 2881; baseline 0.003 -14"><span class='ocrx_word' id='word_1_177' title='bbox 950 2849 979 2876; x_wconf 81' lang='lat'>9.</span> <span class='ocrx_word' id='word_1_178' title='bbox 1006 2837 1191 2879; x_wconf 59' lang='lat' dir='ltr'>Aeolides]</span> <span class='ocrx_word' id='word_1_179' title='bbox 1237 2838 1302 2878; x_wconf 82' lang='lat' dir='ltr'>t&#39;.c.,</span> <span class='ocrx_word' id='word_1_180' title='bbox 1325 2839 1502 2880; x_wconf 63' lang='lat' dir='ltr'>SisyphuS,</span> <span class='ocrx_word' id='word_1_181' title='bbox 1520 2840 1620 2871; x_wconf 84' lang='lat' dir='ltr'>while</span> <span class='ocrx_word' id='word_1_182' title='bbox 1637 2843 1727 2871; x_wconf 74' lang='lat' dir='ltr'>rotae</span> <span class='ocrx_word' id='word_1_183' title='bbox 1745 2839 1776 2870; x_wconf 86' lang='lat' dir='ltr'>in</span> <span class='ocrx_word' id='word_1_184' title='bbox 1796 2846 1875 2870; x_wconf 80' lang='lat' dir='ltr'>next</span> <span class='ocrx_word' id='word_1_185' title='bbox 1892 2839 1959 2871; x_wconf 87' lang='lat' dir='ltr'>line</span> <span class='ocrx_word' id='word_1_186' title='bbox 1976 2845 2135 2881; x_wconf 83' lang='lat' dir='ltr'>suggests</span> <span class='ocrx_word' id='word_1_187' title='bbox 2153 2839 2258 2872; x_wconf 87' lang='lat' dir='ltr'>Ixion.</span> 
     </span>
    </p>
   </div>
   <div class='ocr_carea' id='block_1_6' title="bbox 932 2891 1958 2934">
    <p class='ocr_par' dir='ltr' id='par_1_8' title="bbox 932 2891 1958 2934">
     <span class='ocr_line' id='line_1_31' title="bbox 932 2891 1958 2934; baseline 0.002 -13"><span class='ocrx_word' id='word_1_188' title='bbox 932 2900 981 2930; x_wconf 71' lang='lat'>25.</span> <span class='ocrx_word' id='word_1_189' title='bbox 1008 2891 1217 2932; x_wconf 80' lang='lat' dir='ltr'>Ardcnnae.]</span> <span class='ocrx_word' id='word_1_190' title='bbox 1264 2894 1327 2924; x_wconf 85' lang='lat' dir='ltr'>See</span> <span class='ocrx_word' id='word_1_191' title='bbox 1346 2893 1489 2934; x_wconf 82' lang='lat' dir='ltr'>Irving&#39;s</span> <span class='ocrx_word' id='word_1_192' title='bbox 1506 2894 1595 2925; x_wconf 77' lang='lat' dir='ltr'>Scot.</span> <span class='ocrx_word' id='word_1_193' title='bbox 1620 2893 1772 2930; x_wconf 57' lang='grc' dir='ltr'>Ηῖνίέενς,</span> <span class='ocrx_word' id='word_1_194' title='bbox 1792 2894 1836 2924; x_wconf 91' lang='grc' dir='ltr'>ΙΙ.</span> <span class='ocrx_word' id='word_1_195' title='bbox 1855 2905 1885 2934; x_wconf 85' lang='lat' dir='ltr'>p.</span> <span class='ocrx_word' id='word_1_196' title='bbox 1909 2894 1958 2923; x_wconf 84' lang='lat'>28.</span> 
     </span>
    </p>
   </div>
   <div class='ocr_carea' id='block_1_7' title="bbox 2561 2320 2576 3048">
    <p class='ocr_par' dir='ltr' id='par_1_9' title="bbox 2561 2320 2576 3048">
     <span class='ocr_line' id='line_1_32' title="bbox 2561 2320 2576 3048; baseline 0 0"><span class='ocrx_word' id='word_1_197' title='bbox 2561 2320 2576 3048; x_wconf 95' lang='lat' dir='ltr'> </span> 
     </span>
    </p>
   </div>
  </div>
 </body>
</html>
