<?xml version="1.0" encoding="UTF-8"?>
<!DOCTYPE html PUBLIC "-//W3C//DTD XHTML 1.0 Transitional//EN"
    "http://www.w3.org/TR/xhtml1/DTD/xhtml1-transitional.dtd">
<html xmlns="http://www.w3.org/1999/xhtml" xml:lang="en" lang="en">
 <head>
  <title>
</title>
<meta http-equiv="Content-Type" content="text/html;charset=utf-8" />
  <meta name='ocr-system' content='tesseract 3.04.00' />
  <meta name='ocr-capabilities' content='ocr_page ocr_carea ocr_par ocr_line ocrx_word'/>
</head>
<body>
  <div class='ocr_page' id='page_1' title='image "./musalatinaaberdo01gedduoft_0184.png"; bbox 0 0 2594 3749; ppageno 0'>
   <div class='ocr_carea' id='block_1_1' title="bbox 661 337 739 378">
    <p class='ocr_par' dir='ltr' id='par_1_1' title="bbox 661 337 739 378">
     <span class='ocr_line' id='line_1_1' title="bbox 661 337 739 378; baseline 0 -12"><span class='ocrx_word' id='word_1_1' title='bbox 661 337 739 378; x_wconf 88' lang='lat'>142</span> 
     </span>
    </p>
   </div>
   <div class='ocr_carea' id='block_1_2' title="bbox 1435 332 1672 365">
    <p class='ocr_par' dir='ltr' id='par_1_2' title="bbox 1435 332 1672 365">
     <span class='ocr_line' id='line_1_2' title="bbox 1435 332 1672 365; baseline 0.004 -1"><span class='ocrx_word' id='word_1_2' title='bbox 1435 332 1672 365; x_wconf 85' lang='lat' dir='ltr'>PARERGA.</span> 
     </span>
    </p>
   </div>
   <div class='ocr_carea' id='block_1_3' title="bbox 829 450 2039 2439">
    <p class='ocr_par' dir='ltr' id='par_1_3' title="bbox 891 450 1793 506">
     <span class='ocr_line' id='line_1_3' title="bbox 891 450 1793 506; baseline -0.001 -14"><span class='ocrx_word' id='word_1_3' title='bbox 891 450 1054 492; x_wconf 92' lang='lat' dir='ltr'>Divitis</span> <span class='ocrx_word' id='word_1_4' title='bbox 1075 450 1278 492; x_wconf 89' lang='lat' dir='ltr'>immissa</span> <span class='ocrx_word' id='word_1_5' title='bbox 1299 450 1411 492; x_wconf 88' lang='lat' dir='ltr'>falce</span> <span class='ocrx_word' id='word_1_6' title='bbox 1435 451 1629 493; x_wconf 88' lang='lat' dir='ltr'>metebat</span> <span class='ocrx_word' id='word_1_7' title='bbox 1653 465 1793 506; x_wconf 81' lang='lat' dir='ltr'>agros.</span> 
     </span>
    </p>

    <p class='ocr_par' dir='ltr' id='par_1_4' title="bbox 831 519 1833 643">
     <span class='ocr_line' id='line_1_4' title="bbox 831 519 1833 574; baseline -0.001 -12"><span class='ocrx_word' id='word_1_8' title='bbox 831 520 945 562; x_wconf 86' lang='lat' dir='ltr'>Turn</span> <span class='ocrx_word' id='word_1_9' title='bbox 971 519 1094 561; x_wconf 89' lang='lat' dir='ltr'>licuit</span> <span class='ocrx_word' id='word_1_10' title='bbox 1118 526 1286 561; x_wconf 88' lang='lat' dir='ltr'>certare</span> <span class='ocrx_word' id='word_1_11' title='bbox 1309 519 1434 569; x_wconf 91' lang='lat' dir='ltr'>dolis,</span> <span class='ocrx_word' id='word_1_12' title='bbox 1459 526 1501 561; x_wconf 91' lang='lat' dir='ltr'>et</span> <span class='ocrx_word' id='word_1_13' title='bbox 1524 520 1669 562; x_wconf 90' lang='lat' dir='ltr'>vivere</span> <span class='ocrx_word' id='word_1_14' title='bbox 1692 527 1833 574; x_wconf 88' lang='lat' dir='ltr'>rapto,</span> 
     </span>
     <span class='ocr_line' id='line_1_5' title="bbox 891 587 1828 643; baseline 0.001 -14"><span class='ocrx_word' id='word_1_15' title='bbox 891 588 1020 630; x_wconf 90' lang='lat' dir='ltr'>Furis</span> <span class='ocrx_word' id='word_1_16' title='bbox 1043 587 1336 631; x_wconf 85' lang='lat' dir='ltr'>honorificum</span> <span class='ocrx_word' id='word_1_17' title='bbox 1361 604 1523 632; x_wconf 89' lang='lat' dir='ltr'>nornen</span> <span class='ocrx_word' id='word_1_18' title='bbox 1547 589 1708 643; x_wconf 90' lang='lat' dir='ltr'>ubique</span> <span class='ocrx_word' id='word_1_19' title='bbox 1731 588 1828 630; x_wconf 85' lang='lat' dir='ltr'>fuit.</span> 
     </span>
    </p>

    <p class='ocr_par' dir='ltr' id='par_1_5' title="bbox 833 658 1843 783">
     <span class='ocr_line' id='line_1_6' title="bbox 833 658 1843 714; baseline -0.001 -15"><span class='ocrx_word' id='word_1_20' title='bbox 833 658 963 699; x_wconf 88' lang='lat' dir='ltr'>Furis</span> <span class='ocrx_word' id='word_1_21' title='bbox 986 658 1202 701; x_wconf 83' lang='lat' dir='ltr'>inoffenso</span> <span class='ocrx_word' id='word_1_22' title='bbox 1225 661 1446 714; x_wconf 84' lang='lat' dir='ltr'>gaudebat</span> <span class='ocrx_word' id='word_1_23' title='bbox 1470 659 1649 701; x_wconf 88' lang='lat' dir='ltr'>nomine</span> <span class='ocrx_word' id='word_1_24' title='bbox 1673 672 1843 708; x_wconf 89' lang='lat' dir='ltr'>servus,</span> 
     </span>
     <span class='ocr_line' id='line_1_7' title="bbox 889 726 1822 783; baseline 0 -15"><span class='ocrx_word' id='word_1_25' title='bbox 889 726 1114 781; x_wconf 86' lang='lat' dir='ltr'>Turgidus</span> <span class='ocrx_word' id='word_1_26' title='bbox 1136 728 1219 770; x_wconf 92' lang='lat' dir='ltr'>hoc</span> <span class='ocrx_word' id='word_1_27' title='bbox 1243 729 1338 783; x_wconf 91' lang='lat' dir='ltr'>ipso</span> <span class='ocrx_word' id='word_1_28' title='bbox 1361 729 1540 770; x_wconf 88' lang='lat' dir='ltr'>nomine</span> <span class='ocrx_word' id='word_1_29' title='bbox 1564 728 1692 770; x_wconf 90' lang='lat' dir='ltr'>miles</span> <span class='ocrx_word' id='word_1_30' title='bbox 1714 734 1822 769; x_wconf 88' lang='lat' dir='ltr'>erat.</span> 
     </span>
    </p>

    <p class='ocr_par' dir='ltr' id='par_1_6' title="bbox 833 796 1857 921">
     <span class='ocr_line' id='line_1_8' title="bbox 833 796 1857 852; baseline 0.002 -16"><span class='ocrx_word' id='word_1_31' title='bbox 833 796 934 837; x_wconf 91' lang='lat' dir='ltr'>Non</span> <span class='ocrx_word' id='word_1_32' title='bbox 958 796 1045 838; x_wconf 91' lang='lat' dir='ltr'>alio</span> <span class='ocrx_word' id='word_1_33' title='bbox 1068 797 1189 839; x_wconf 88' lang='lat' dir='ltr'>nasci</span> <span class='ocrx_word' id='word_1_34' title='bbox 1214 799 1433 840; x_wconf 87' lang='lat' dir='ltr'>debebant</span> <span class='ocrx_word' id='word_1_35' title='bbox 1456 804 1655 852; x_wconf 89' lang='lat' dir='ltr'>tempore</span> <span class='ocrx_word' id='word_1_36' title='bbox 1678 803 1857 845; x_wconf 89' lang='lat' dir='ltr'>nautae,</span> 
     </span>
     <span class='ocr_line' id='line_1_9' title="bbox 891 865 1824 921; baseline 0.001 -16"><span class='ocrx_word' id='word_1_37' title='bbox 891 865 1090 908; x_wconf 89' lang='lat' dir='ltr'>Moribus</span> <span class='ocrx_word' id='word_1_38' title='bbox 1113 866 1310 920; x_wconf 83' lang='lat' dir='ltr'>antiquis</span> <span class='ocrx_word' id='word_1_39' title='bbox 1333 866 1405 920; x_wconf 89' lang='lat' dir='ltr'>qui</span> <span class='ocrx_word' id='word_1_40' title='bbox 1430 881 1614 921; x_wconf 83' lang='lat' dir='ltr'>rapuere</span> <span class='ocrx_word' id='word_1_41' title='bbox 1638 879 1824 907; x_wconf 88' lang='lat' dir='ltr'>merum.</span> 
     </span>
    </p>

    <p class='ocr_par' dir='ltr' id='par_1_7' title="bbox 833 934 1789 1046">
     <span class='ocr_line' id='line_1_10' title="bbox 833 934 1789 984; baseline 0 -9"><span class='ocrx_word' id='word_1_42' title='bbox 833 934 997 976; x_wconf 84' lang='lat' dir='ltr'><strong>Navita</strong></span> <span class='ocrx_word' id='word_1_43' title='bbox 1019 935 1086 976; x_wconf 89' lang='lat' dir='ltr'>vel</span> <span class='ocrx_word' id='word_1_44' title='bbox 1111 942 1263 977; x_wconf 88' lang='lat' dir='ltr'>nostro</span> <span class='ocrx_word' id='word_1_45' title='bbox 1286 935 1408 978; x_wconf 90' lang='lat' dir='ltr'>nasci</span> <span class='ocrx_word' id='word_1_46' title='bbox 1433 935 1467 977; x_wconf 90' lang='lat' dir='ltr'>si</span> <span class='ocrx_word' id='word_1_47' title='bbox 1491 935 1641 978; x_wconf 81' lang='lat' dir='ltr'>debuit</span> <span class='ocrx_word' id='word_1_48' title='bbox 1666 948 1789 984; x_wconf 91' lang='lat' dir='ltr'>aevo,</span> 
     </span>
     <span class='ocr_line' id='line_1_11' title="bbox 889 1003 1670 1046; baseline 0.001 -2"><span class='ocrx_word' id='word_1_49' title='bbox 889 1003 1083 1045; x_wconf 83' lang='lat' dir='ltr'>Alterius</span> <span class='ocrx_word' id='word_1_50' title='bbox 1106 1004 1266 1046; x_wconf 88' lang='lat' dir='ltr'>meruit</span> <span class='ocrx_word' id='word_1_51' title='bbox 1290 1004 1383 1046; x_wconf 89' lang='lat' dir='ltr'>iura</span> <span class='ocrx_word' id='word_1_52' title='bbox 1407 1004 1552 1046; x_wconf 92' lang='lat' dir='ltr'>subire</span> <span class='ocrx_word' id='word_1_53' title='bbox 1574 1004 1670 1045; x_wconf 87' lang='lat' dir='ltr'>fori.</span> 
     </span>
    </p>

    <p class='ocr_par' dir='ltr' id='par_1_8' title="bbox 832 1071 1890 1196">
     <span class='ocr_line' id='line_1_12' title="bbox 832 1071 1795 1122; baseline 0.001 -10"><span class='ocrx_word' id='word_1_54' title='bbox 832 1072 1025 1113; x_wconf 80' lang='lat' dir='ltr'>Consule</span> <span class='ocrx_word' id='word_1_55' title='bbox 1050 1071 1211 1114; x_wconf 83' lang='lat' dir='ltr'>Niliaci</span> <span class='ocrx_word' id='word_1_56' title='bbox 1236 1087 1380 1114; x_wconf 89' lang='lat' dir='ltr'>mores</span> <span class='ocrx_word' id='word_1_57' title='bbox 1404 1079 1445 1115; x_wconf 91' lang='lat' dir='ltr'>et</span> <span class='ocrx_word' id='word_1_58' title='bbox 1469 1072 1564 1115; x_wconf 89' lang='lat' dir='ltr'>iura</span> <span class='ocrx_word' id='word_1_59' title='bbox 1588 1073 1795 1122; x_wconf 88' lang='lat' dir='ltr'>Senatus,</span> 
     </span>
     <span class='ocr_line' id='line_1_13' title="bbox 891 1140 1890 1196; baseline -0.001 -14"><span class='ocrx_word' id='word_1_60' title='bbox 891 1141 1029 1182; x_wconf 83' lang='lat' dir='ltr'>Furta</span> <span class='ocrx_word' id='word_1_61' title='bbox 1053 1142 1224 1195; x_wconf 90' lang='lat' dir='ltr'>probat,</span> <span class='ocrx_word' id='word_1_62' title='bbox 1248 1141 1394 1183; x_wconf 89' lang='lat' dir='ltr'>furum</span> <span class='ocrx_word' id='word_1_63' title='bbox 1418 1141 1630 1196; x_wconf 75' lang='lat' dir='ltr'>prospicit</span> <span class='ocrx_word' id='word_1_64' title='bbox 1653 1141 1726 1182; x_wconf 90' lang='lat' dir='ltr'>ille</span> <span class='ocrx_word' id='word_1_65' title='bbox 1749 1140 1890 1183; x_wconf 89' lang='lat' dir='ltr'>bonis.</span> 
     </span>
    </p>

    <p class='ocr_par' dir='ltr' id='par_1_9' title="bbox 832 1209 1919 1333">
     <span class='ocr_line' id='line_1_14' title="bbox 832 1209 1900 1264; baseline 0 -14"><span class='ocrx_word' id='word_1_66' title='bbox 832 1209 1024 1251; x_wconf 85' lang='lat' dir='ltr'>Furibus</span> <span class='ocrx_word' id='word_1_67' title='bbox 1048 1210 1141 1264; x_wconf 87' lang='lat' dir='ltr'>ipse</span> <span class='ocrx_word' id='word_1_68' title='bbox 1165 1224 1291 1252; x_wconf 88' lang='lat' dir='ltr'>sacer</span> <span class='ocrx_word' id='word_1_69' title='bbox 1311 1211 1523 1252; x_wconf 90' lang='lat' dir='ltr'>reddebat</span> <span class='ocrx_word' id='word_1_70' title='bbox 1547 1210 1643 1252; x_wconf 89' lang='lat' dir='ltr'>iura</span> <span class='ocrx_word' id='word_1_71' title='bbox 1667 1211 1900 1259; x_wconf 81' lang='lat' dir='ltr'>Sacerdos,</span> 
     </span>
     <span class='ocr_line' id='line_1_15' title="bbox 888 1278 1919 1333; baseline -0.001 -13"><span class='ocrx_word' id='word_1_72' title='bbox 888 1278 1064 1320; x_wconf 88' lang='lat' dir='ltr'>Tantus</span> <span class='ocrx_word' id='word_1_73' title='bbox 1086 1286 1179 1320; x_wconf 90' lang='lat' dir='ltr'>erat</span> <span class='ocrx_word' id='word_1_74' title='bbox 1202 1279 1373 1333; x_wconf 89' lang='lat' dir='ltr'>lepidae</span> <span class='ocrx_word' id='word_1_75' title='bbox 1395 1278 1543 1332; x_wconf 78' lang='lat' dir='ltr'>gentis</span> <span class='ocrx_word' id='word_1_76' title='bbox 1565 1285 1606 1321; x_wconf 92' lang='lat' dir='ltr'>et</span> <span class='ocrx_word' id='word_1_77' title='bbox 1631 1279 1740 1321; x_wconf 90' lang='lat' dir='ltr'>artis</span> <span class='ocrx_word' id='word_1_78' title='bbox 1761 1279 1919 1320; x_wconf 80' lang='lat' dir='ltr'><strong>honos.</strong></span> 
     </span>
    </p>

    <p class='ocr_par' dir='ltr' id='par_1_10' title="bbox 830 1346 1950 1472">
     <span class='ocr_line' id='line_1_16' title="bbox 830 1346 1950 1402; baseline 0 -14"><span class='ocrx_word' id='word_1_79' title='bbox 830 1347 981 1389; x_wconf 87' lang='lat' dir='ltr'>Altera</span> <span class='ocrx_word' id='word_1_80' title='bbox 1004 1363 1106 1402; x_wconf 90' lang='lat' dir='ltr'>pars</span> <span class='ocrx_word' id='word_1_81' title='bbox 1128 1349 1318 1402; x_wconf 84' lang='lat' dir='ltr'>praedae</span> <span class='ocrx_word' id='word_1_82' title='bbox 1344 1347 1552 1399; x_wconf 88' lang='lat' dir='ltr'>Domino,</span> <span class='ocrx_word' id='word_1_83' title='bbox 1578 1362 1681 1402; x_wconf 86' lang='lat' dir='ltr'>pars</span> <span class='ocrx_word' id='word_1_84' title='bbox 1704 1348 1844 1390; x_wconf 87' lang='lat' dir='ltr'>altera</span> <span class='ocrx_word' id='word_1_85' title='bbox 1866 1346 1950 1389; x_wconf 89' lang='lat' dir='ltr'>furi</span> 
     </span>
     <span class='ocr_line' id='line_1_17' title="bbox 888 1417 1912 1472; baseline 0 -13"><span class='ocrx_word' id='word_1_86' title='bbox 888 1417 1106 1467; x_wconf 88' lang='lat' dir='ltr'>Cedebat;</span> <span class='ocrx_word' id='word_1_87' title='bbox 1142 1419 1366 1471; x_wconf 84' lang='lat' dir='ltr'>quadrans</span> <span class='ocrx_word' id='word_1_88' title='bbox 1388 1417 1513 1467; x_wconf 88' lang='lat' dir='ltr'>haec,</span> <span class='ocrx_word' id='word_1_89' title='bbox 1538 1425 1585 1459; x_wconf 94' lang='lat' dir='ltr'>ut</span> <span class='ocrx_word' id='word_1_90' title='bbox 1610 1417 1778 1472; x_wconf 88' lang='lat' dir='ltr'>opinor,</span> <span class='ocrx_word' id='word_1_91' title='bbox 1803 1422 1912 1459; x_wconf 88' lang='lat' dir='ltr'>erat.</span> 
     </span>
    </p>

    <p class='ocr_par' dir='ltr' id='par_1_11' title="bbox 831 1485 2039 1609">
     <span class='ocr_line' id='line_1_18' title="bbox 831 1485 2039 1535; baseline 0 -9"><span class='ocrx_word' id='word_1_92' title='bbox 831 1485 994 1527; x_wconf 91' lang='lat' dir='ltr'>Nullus</span> <span class='ocrx_word' id='word_1_93' title='bbox 1017 1486 1060 1527; x_wconf 93' lang='lat' dir='ltr'>in</span> <span class='ocrx_word' id='word_1_94' title='bbox 1083 1487 1187 1528; x_wconf 88' lang='lat' dir='ltr'>orbe</span> <span class='ocrx_word' id='word_1_95' title='bbox 1210 1486 1334 1528; x_wconf 88' lang='lat' dir='ltr'>locus</span> <span class='ocrx_word' id='word_1_96' title='bbox 1360 1487 1698 1528; x_wconf 84' lang='lat' dir='ltr'>Lacedaemone</span> <span class='ocrx_word' id='word_1_97' title='bbox 1722 1485 1880 1528; x_wconf 90' lang='lat' dir='ltr'>iustior</span> <span class='ocrx_word' id='word_1_98' title='bbox 1901 1485 2039 1535; x_wconf 87' lang='lat' dir='ltr'>audit,</span> 
     </span>
     <span class='ocr_line' id='line_1_19' title="bbox 887 1554 1944 1609; baseline -0.001 -13"><span class='ocrx_word' id='word_1_99' title='bbox 887 1554 952 1596; x_wconf 92' lang='lat' dir='ltr'>Te</span> <span class='ocrx_word' id='word_1_100' title='bbox 975 1556 1100 1597; x_wconf 89' lang='lat' dir='ltr'>decet</span> <span class='ocrx_word' id='word_1_101' title='bbox 1124 1555 1391 1609; x_wconf 79' lang='lat' dir='ltr'>exemplum,</span> <span class='ocrx_word' id='word_1_102' title='bbox 1417 1570 1504 1609; x_wconf 90' lang='lat' dir='ltr'>quo</span> <span class='ocrx_word' id='word_1_103' title='bbox 1527 1555 1667 1609; x_wconf 87' lang='lat' dir='ltr'>praeit</span> <span class='ocrx_word' id='word_1_104' title='bbox 1690 1555 1779 1605; x_wconf 87' lang='lat' dir='ltr'>illa,</span> <span class='ocrx_word' id='word_1_105' title='bbox 1805 1554 1944 1609; x_wconf 86' lang='lat' dir='ltr'>sequi.</span> 
     </span>
    </p>

    <p class='ocr_par' dir='ltr' id='par_1_12' title="bbox 832 1623 1959 1748">
     <span class='ocr_line' id='line_1_20' title="bbox 832 1623 1959 1678; baseline 0.002 -14"><span class='ocrx_word' id='word_1_106' title='bbox 832 1623 995 1665; x_wconf 86' lang='lat' dir='ltr'>Martia</span> <span class='ocrx_word' id='word_1_107' title='bbox 1017 1638 1126 1678; x_wconf 85' lang='lat' dir='ltr'>gens</span> <span class='ocrx_word' id='word_1_108' title='bbox 1149 1638 1283 1678; x_wconf 89' lang='lat' dir='ltr'>passa</span> <span class='ocrx_word' id='word_1_109' title='bbox 1305 1631 1372 1666; x_wconf 89' lang='lat' dir='ltr'>est</span> <span class='ocrx_word' id='word_1_110' title='bbox 1395 1623 1523 1666; x_wconf 79' lang='lat' dir='ltr'>furtis</span> <span class='ocrx_word' id='word_1_111' title='bbox 1546 1638 1803 1666; x_wconf 82' lang='lat' dir='ltr'>assuescere</span> <span class='ocrx_word' id='word_1_112' title='bbox 1827 1623 1959 1673; x_wconf 83' lang='lat' dir='ltr'>cives,</span> 
     </span>
     <span class='ocr_line' id='line_1_21' title="bbox 889 1693 1776 1748; baseline 0.002 -15"><span class='ocrx_word' id='word_1_113' title='bbox 889 1693 1027 1734; x_wconf 87' lang='lat' dir='ltr'>Furta</span> <span class='ocrx_word' id='word_1_114' title='bbox 1049 1699 1200 1735; x_wconf 87' lang='lat' dir='ltr'>tamen</span> <span class='ocrx_word' id='word_1_115' title='bbox 1223 1693 1361 1735; x_wconf 89' lang='lat' dir='ltr'>voluit</span> <span class='ocrx_word' id='word_1_116' title='bbox 1385 1693 1647 1735; x_wconf 80' lang='lat' dir='ltr'>dexteritate</span> <span class='ocrx_word' id='word_1_117' title='bbox 1670 1693 1776 1748; x_wconf 87' lang='lat' dir='ltr'>regi.</span> 
     </span>
    </p>

    <p class='ocr_par' dir='ltr' id='par_1_13' title="bbox 831 1763 1997 1887">
     <span class='ocr_line' id='line_1_22' title="bbox 831 1763 1997 1818; baseline 0.001 -15"><span class='ocrx_word' id='word_1_118' title='bbox 831 1763 932 1803; x_wconf 91' lang='lat' dir='ltr'>Non</span> <span class='ocrx_word' id='word_1_119' title='bbox 956 1770 1050 1805; x_wconf 90' lang='lat' dir='ltr'>erat</span> <span class='ocrx_word' id='word_1_120' title='bbox 1073 1763 1259 1806; x_wconf 88' lang='lat' dir='ltr'>armatis</span> <span class='ocrx_word' id='word_1_121' title='bbox 1285 1763 1409 1805; x_wconf 91' lang='lat' dir='ltr'>locus</span> <span class='ocrx_word' id='word_1_122' title='bbox 1431 1763 1502 1806; x_wconf 92' lang='lat' dir='ltr'>hic</span> <span class='ocrx_word' id='word_1_123' title='bbox 1524 1763 1824 1818; x_wconf 86' lang='lat' dir='ltr'>praedonibus</span> <span class='ocrx_word' id='word_1_124' title='bbox 1849 1769 1997 1818; x_wconf 89' lang='lat' dir='ltr'>aptus,</span> 
     </span>
     <span class='ocr_line' id='line_1_23' title="bbox 891 1831 1851 1887; baseline 0.001 -15"><span class='ocrx_word' id='word_1_125' title='bbox 891 1831 1046 1887; x_wconf 86' lang='lat' dir='ltr'>Qualis</span> <span class='ocrx_word' id='word_1_126' title='bbox 1068 1831 1303 1886; x_wconf 86' lang='lat' dir='ltr'>Apollinea</span> <span class='ocrx_word' id='word_1_127' title='bbox 1328 1833 1534 1874; x_wconf 83' lang='lat' dir='ltr'>Brennus</span> <span class='ocrx_word' id='word_1_128' title='bbox 1558 1832 1601 1873; x_wconf 91' lang='lat' dir='ltr'>in</span> <span class='ocrx_word' id='word_1_129' title='bbox 1625 1833 1732 1874; x_wconf 86' lang='lat' dir='ltr'>aede</span> <span class='ocrx_word' id='word_1_130' title='bbox 1754 1831 1851 1874; x_wconf 89' lang='lat' dir='ltr'>fuit.</span> 
     </span>
    </p>

    <p class='ocr_par' dir='ltr' id='par_1_14' title="bbox 833 1901 2002 2026">
     <span class='ocr_line' id='line_1_24' title="bbox 833 1901 2002 1957; baseline 0 -15"><span class='ocrx_word' id='word_1_131' title='bbox 833 1901 920 1942; x_wconf 93' lang='lat' dir='ltr'>Hic</span> <span class='ocrx_word' id='word_1_132' title='bbox 943 1907 1094 1943; x_wconf 90' lang='lat' dir='ltr'>tamen</span> <span class='ocrx_word' id='word_1_133' title='bbox 1118 1901 1323 1957; x_wconf 88' lang='lat' dir='ltr'>Autolyci</span> <span class='ocrx_word' id='word_1_134' title='bbox 1348 1901 1583 1944; x_wconf 88' lang='lat' dir='ltr'>meruisset</span> <span class='ocrx_word' id='word_1_135' title='bbox 1607 1903 1787 1944; x_wconf 84' lang='lat' dir='ltr'>dextera</span> <span class='ocrx_word' id='word_1_136' title='bbox 1808 1902 2002 1951; x_wconf 89' lang='lat' dir='ltr'>laudem,</span> 
     </span>
     <span class='ocr_line' id='line_1_25' title="bbox 889 1971 1813 2026; baseline 0.001 -14"><span class='ocrx_word' id='word_1_137' title='bbox 889 1971 947 2012; x_wconf 92' lang='lat' dir='ltr'>Et</span> <span class='ocrx_word' id='word_1_138' title='bbox 972 1985 1084 2024; x_wconf 88' lang='lat' dir='ltr'>quae</span> <span class='ocrx_word' id='word_1_139' title='bbox 1108 1977 1310 2025; x_wconf 86' lang='lat' dir='ltr'>surrepto</span> <span class='ocrx_word' id='word_1_140' title='bbox 1333 1971 1490 2014; x_wconf 87' lang='lat' dir='ltr'>claruit</span> <span class='ocrx_word' id='word_1_141' title='bbox 1514 1971 1614 2026; x_wconf 88' lang='lat' dir='ltr'>igne</span> <span class='ocrx_word' id='word_1_142' title='bbox 1637 1985 1813 2013; x_wconf 74' lang='lat' dir='ltr'>manus,</span> 
     </span>
    </p>

    <p class='ocr_par' dir='ltr' id='par_1_15' title="bbox 831 2040 1934 2163">
     <span class='ocr_line' id='line_1_26' title="bbox 831 2040 1934 2096; baseline 0 -15"><span class='ocrx_word' id='word_1_143' title='bbox 831 2040 942 2081; x_wconf 88' lang='lat' dir='ltr'>Fors</span> <span class='ocrx_word' id='word_1_144' title='bbox 964 2047 1006 2082; x_wconf 93' lang='lat' dir='ltr'>et</span> <span class='ocrx_word' id='word_1_145' title='bbox 1030 2040 1278 2082; x_wconf 90' lang='lat' dir='ltr'>Aventinus</span> <span class='ocrx_word' id='word_1_146' title='bbox 1302 2047 1525 2095; x_wconf 89' lang='lat' dir='ltr'>sperasset</span> <span class='ocrx_word' id='word_1_147' title='bbox 1548 2040 1746 2095; x_wconf 89' lang='lat' dir='ltr'>praemia</span> <span class='ocrx_word' id='word_1_148' title='bbox 1768 2047 1934 2096; x_wconf 89' lang='lat' dir='ltr'>pastor,</span> 
     </span>
     <span class='ocr_line' id='line_1_27' title="bbox 887 2108 1876 2163; baseline 0.002 -13"><span class='ocrx_word' id='word_1_149' title='bbox 887 2108 973 2163; x_wconf 83' lang='lat' dir='ltr'>Qui</span> <span class='ocrx_word' id='word_1_150' title='bbox 997 2115 1125 2150; x_wconf 90' lang='lat' dir='ltr'>catus</span> <span class='ocrx_word' id='word_1_151' title='bbox 1147 2123 1328 2151; x_wconf 88' lang='lat' dir='ltr'>aversos</span> <span class='ocrx_word' id='word_1_152' title='bbox 1350 2109 1484 2151; x_wconf 85' lang='lat' dir='ltr'>traxit</span> <span class='ocrx_word' id='word_1_153' title='bbox 1509 2109 1552 2151; x_wconf 92' lang='lat' dir='ltr'>in</span> <span class='ocrx_word' id='word_1_154' title='bbox 1576 2116 1705 2152; x_wconf 87' lang='lat' dir='ltr'>antra</span> <span class='ocrx_word' id='word_1_155' title='bbox 1727 2110 1876 2152; x_wconf 84' lang='lat' dir='ltr'>boves.</span> 
     </span>
    </p>

    <p class='ocr_par' dir='ltr' id='par_1_16' title="bbox 831 2177 1847 2301">
     <span class='ocr_line' id='line_1_28' title="bbox 831 2177 1810 2233; baseline 0.001 -15"><span class='ocrx_word' id='word_1_156' title='bbox 831 2178 925 2219; x_wconf 91' lang='lat' dir='ltr'>Nec</span> <span class='ocrx_word' id='word_1_157' title='bbox 949 2177 1021 2231; x_wconf 89' lang='lat' dir='ltr'>qui</span> <span class='ocrx_word' id='word_1_158' title='bbox 1050 2177 1269 2220; x_wconf 88' lang='lat' dir='ltr'>iudicibus</span> <span class='ocrx_word' id='word_1_159' title='bbox 1292 2192 1441 2220; x_wconf 88' lang='lat' dir='ltr'>coram</span> <span class='ocrx_word' id='word_1_160' title='bbox 1465 2177 1697 2233; x_wconf 85' lang='lat' dir='ltr'>disparuit,</span> <span class='ocrx_word' id='word_1_161' title='bbox 1721 2178 1810 2220; x_wconf 90' lang='lat' dir='ltr'>illic</span> 
     </span>
     <span class='ocr_line' id='line_1_29' title="bbox 889 2246 1847 2301; baseline 0.001 -14"><span class='ocrx_word' id='word_1_162' title='bbox 889 2246 1132 2301; x_wconf 89' lang='lat' dir='ltr'>Eurybatis</span> <span class='ocrx_word' id='word_1_163' title='bbox 1153 2253 1326 2301; x_wconf 86' lang='lat' dir='ltr'>poterat</span> <span class='ocrx_word' id='word_1_164' title='bbox 1350 2261 1438 2289; x_wconf 92' lang='lat' dir='ltr'>non</span> <span class='ocrx_word' id='word_1_165' title='bbox 1461 2247 1681 2301; x_wconf 88' lang='lat' dir='ltr'>placuisse</span> <span class='ocrx_word' id='word_1_166' title='bbox 1705 2247 1847 2289; x_wconf 90' lang='lat' dir='ltr'>dolus.</span> 
     </span>
    </p>

    <p class='ocr_par' dir='ltr' id='par_1_17' title="bbox 829 2315 1969 2439">
     <span class='ocr_line' id='line_1_30' title="bbox 829 2315 1969 2370; baseline 0.001 -14"><span class='ocrx_word' id='word_1_167' title='bbox 829 2315 913 2357; x_wconf 91' lang='lat' dir='ltr'>Cui</span> <span class='ocrx_word' id='word_1_168' title='bbox 935 2321 1014 2357; x_wconf 88' lang='lat' dir='ltr'>tua</span> <span class='ocrx_word' id='word_1_169' title='bbox 1036 2315 1290 2370; x_wconf 85' lang='lat' dir='ltr'>perniciem,</span> <span class='ocrx_word' id='word_1_170' title='bbox 1318 2316 1537 2366; x_wconf 90' lang='lat' dir='ltr'>Mennesi,</span> <span class='ocrx_word' id='word_1_171' title='bbox 1560 2322 1703 2358; x_wconf 88' lang='lat' dir='ltr'>rostra</span> <span class='ocrx_word' id='word_1_172' title='bbox 1727 2315 1969 2367; x_wconf 90' lang='lat' dir='ltr'>minantur,</span> 
     </span>
     <span class='ocr_line' id='line_1_31' title="bbox 890 2384 1765 2439; baseline 0.001 -15"><span class='ocrx_word' id='word_1_173' title='bbox 890 2384 999 2425; x_wconf 90' lang='lat' dir='ltr'>Pars</span> <span class='ocrx_word' id='word_1_174' title='bbox 1022 2391 1087 2425; x_wconf 88' lang='lat' dir='ltr'>cst</span> <span class='ocrx_word' id='word_1_175' title='bbox 1111 2384 1241 2426; x_wconf 89' lang='lat' dir='ltr'>istius</span> <span class='ocrx_word' id='word_1_176' title='bbox 1263 2385 1394 2427; x_wconf 89' lang='lat' dir='ltr'>turba</span> <span class='ocrx_word' id='word_1_177' title='bbox 1416 2384 1588 2426; x_wconf 87' lang='lat' dir='ltr'>marina</span> <span class='ocrx_word' id='word_1_178' title='bbox 1609 2384 1765 2439; x_wconf 88' lang='lat' dir='ltr'>gregis.</span> 
     </span>
    </p>
   </div>
   <div class='ocr_carea' id='block_1_4' title="bbox 831 2452 2067 2507">
    <p class='ocr_par' dir='ltr' id='par_1_18' title="bbox 831 2452 2067 2507">
     <span class='ocr_line' id='line_1_32' title="bbox 831 2452 2067 2507; baseline 0.002 -14"><span class='ocrx_word' id='word_1_179' title='bbox 831 2452 931 2493; x_wconf 91' lang='lat' dir='ltr'>Non</span> <span class='ocrx_word' id='word_1_180' title='bbox 954 2452 1076 2494; x_wconf 85' lang='lat' dir='ltr'>vafer</span> <span class='ocrx_word' id='word_1_181' title='bbox 1097 2453 1358 2507; x_wconf 90' lang='lat' dir='ltr'>Autolycus,</span> <span class='ocrx_word' id='word_1_182' title='bbox 1383 2467 1471 2495; x_wconf 91' lang='lat' dir='ltr'>non</span> <span class='ocrx_word' id='word_1_183' title='bbox 1495 2453 1617 2495; x_wconf 90' lang='lat' dir='ltr'>illam</span> <span class='ocrx_word' id='word_1_184' title='bbox 1639 2453 1834 2496; x_wconf 89' lang='lat' dir='ltr'>vinceret</span> <span class='ocrx_word' id='word_1_185' title='bbox 1859 2454 2067 2504; x_wconf 82' lang='lat' dir='ltr'>Hermes,</span> 
     </span>
    </p>
   </div>
   <div class='ocr_carea' id='block_1_5' title="bbox 830 2512 1935 2645">
    <p class='ocr_par' dir='ltr' id='par_1_19' title="bbox 830 2512 1935 2645">
     <span class='ocr_line' id='line_1_33' title="bbox 890 2512 1865 2577; baseline 0.003 -16"><span class='ocrx_word' id='word_1_186' title='bbox 890 2520 1029 2562; x_wconf 87' lang='lat' dir='ltr'>Filius</span> <span class='ocrx_word' id='word_1_187' title='bbox 1047 2512 1122 2563; x_wconf 79' lang='lat' dir='ltr'>hic</span> <span class='ocrx_word' id='word_1_188' title='bbox 1146 2521 1351 2575; x_wconf 87' lang='lat' dir='ltr'>quamvis</span> <span class='ocrx_word' id='word_1_189' title='bbox 1375 2521 1431 2563; x_wconf 92' lang='lat' dir='ltr'>sit</span> <span class='ocrx_word' id='word_1_190' title='bbox 1457 2522 1590 2572; x_wconf 88' lang='lat' dir='ltr'>Iovis,</span> <span class='ocrx_word' id='word_1_191' title='bbox 1614 2521 1687 2564; x_wconf 92' lang='lat' dir='ltr'>ille</span> <span class='ocrx_word' id='word_1_192' title='bbox 1711 2536 1865 2577; x_wconf 87' lang='lat' dir='ltr'>nepos.</span> 
     </span>
     <span class='ocr_line' id='line_1_34' title="bbox 830 2588 1935 2645; baseline 0.004 -15"><span class='ocrx_word' id='word_1_193' title='bbox 830 2588 946 2644; x_wconf 81' lang='lat' dir='ltr'>Quid</span> <span class='ocrx_word' id='word_1_194' title='bbox 970 2604 1058 2631; x_wconf 92' lang='lat' dir='ltr'>non</span> <span class='ocrx_word' id='word_1_195' title='bbox 1082 2589 1261 2645; x_wconf 86' lang='lat' dir='ltr'>ingenii,</span> <span class='ocrx_word' id='word_1_196' title='bbox 1286 2590 1390 2645; x_wconf 90' lang='lat' dir='ltr'>quid</span> <span class='ocrx_word' id='word_1_197' title='bbox 1413 2605 1500 2634; x_wconf 92' lang='lat' dir='ltr'>non</span> <span class='ocrx_word' id='word_1_198' title='bbox 1523 2597 1630 2634; x_wconf 87' lang='lat' dir='ltr'>tunc</span> <span class='ocrx_word' id='word_1_199' title='bbox 1653 2591 1803 2634; x_wconf 86' lang='lat' dir='ltr'>attulit</span> <span class='ocrx_word' id='word_1_200' title='bbox 1827 2591 1935 2634; x_wconf 87' lang='lat' dir='ltr'>artis</span> 
     </span>
    </p>
   </div>
   <div class='ocr_carea' id='block_1_6' title="bbox 770 2730 2454 2884">
    <p class='ocr_par' dir='ltr' id='par_1_20' title="bbox 770 2730 2454 2884">
     <span class='ocr_line' id='line_1_35' title="bbox 772 2730 1547 2776; baseline 0.005 -15"><span class='ocrx_word' id='word_1_201' title='bbox 772 2740 823 2772; x_wconf 87' lang='lat'>57.</span> <span class='ocrx_word' id='word_1_202' title='bbox 848 2730 971 2763; x_wconf 88' lang='lat' dir='ltr'>Vivere</span> <span class='ocrx_word' id='word_1_203' title='bbox 988 2732 1115 2773; x_wconf 87' lang='lat' dir='ltr'>rapt0.]</span> <span class='ocrx_word' id='word_1_204' title='bbox 1158 2732 1266 2774; x_wconf 89' lang='lat' dir='ltr'>Virg.‚</span> <span class='ocrx_word' id='word_1_205' title='bbox 1283 2733 1421 2772; x_wconf 79' lang='lat' dir='ltr'>Aeneid‚</span> <span class='ocrx_word' id='word_1_206' title='bbox 1439 2743 1547 2776; x_wconf 78' lang='lat'><strong>7749.</strong></span> 
     </span>
     <span class='ocr_line' id='line_1_36' title="bbox 770 2785 2342 2829; baseline 0.001 -13"><span class='ocrx_word' id='word_1_207' title='bbox 770 2794 822 2825; x_wconf 89' lang='lat'>71.</span> <span class='ocrx_word' id='word_1_208' title='bbox 849 2785 1117 2826; x_wconf 85' lang='lat' dir='ltr'>Lacedaemon.]</span> <span class='ocrx_word' id='word_1_209' title='bbox 1162 2786 1332 2828; x_wconf 86' lang='lat' dir='ltr'>Thievery</span> <span class='ocrx_word' id='word_1_210' title='bbox 1347 2797 1417 2820; x_wconf 86' lang='lat' dir='ltr'>was</span> <span class='ocrx_word' id='word_1_211' title='bbox 1434 2787 1649 2829; x_wconf 82' lang='lat' dir='ltr'>eneouraged</span> <span class='ocrx_word' id='word_1_212' title='bbox 1663 2788 1713 2820; x_wconf 88' lang='lat' dir='ltr'>for</span> <span class='ocrx_word' id='word_1_213' title='bbox 1729 2788 1923 2829; x_wconf 84' lang='lat' dir='ltr'>dexterity&#39;s</span> <span class='ocrx_word' id='word_1_214' title='bbox 1939 2788 2021 2820; x_wconf 89' lang='lat' dir='ltr'>sake</span> <span class='ocrx_word' id='word_1_215' title='bbox 2038 2792 2072 2820; x_wconf 87' lang='lat' dir='ltr'>at</span> <span class='ocrx_word' id='word_1_216' title='bbox 2091 2786 2342 2820; x_wconf 88' lang='lat' dir='ltr'>Lacedaemon.</span> 
     </span>
     <span class='ocr_line' id='line_1_37' title="bbox 771 2838 2454 2884; baseline 0.002 -15"><span class='ocrx_word' id='word_1_217' title='bbox 771 2838 823 2869; x_wconf 89' lang='lat'>82.</span> <span class='ocrx_word' id='word_1_218' title='bbox 849 2838 1058 2880; x_wconf 71' lang='lat' dir='ltr'>Eurybatis]</span> <span class='ocrx_word' id='word_1_219' title='bbox 1102 2840 1132 2870; x_wconf 83' lang='lat' dir='ltr'><strong>A</strong></span> <span class='ocrx_word' id='word_1_220' title='bbox 1157 2840 1267 2871; x_wconf 85' lang='lat' dir='ltr'>sabled</span> <span class='ocrx_word' id='word_1_221' title='bbox 1291 2841 1419 2878; x_wconf 84' lang='lat' dir='ltr'>traitor,</span> <span class='ocrx_word' id='word_1_222' title='bbox 1443 2842 1561 2874; x_wconf 89' lang='lat' dir='ltr'>whose</span> <span class='ocrx_word' id='word_1_223' title='bbox 1585 2851 1685 2873; x_wconf 85' lang='lat' dir='ltr'>name</span> <span class='ocrx_word' id='word_1_224' title='bbox 1708 2842 1848 2874; x_wconf 85' lang='lat' dir='ltr'>became</span> <span class='ocrx_word' id='word_1_225' title='bbox 1867 2851 1887 2873; x_wconf 91' lang='lat' dir='ltr'>a</span> <span class='ocrx_word' id='word_1_226' title='bbox 1908 2842 2060 2884; x_wconf 87' lang='lat' dir='ltr'>proverb.</span> <span class='ocrx_word' id='word_1_227' title='bbox 2111 2842 2175 2873; x_wconf 90' lang='lat' dir='ltr'>See</span> <span class='ocrx_word' id='word_1_228' title='bbox 2194 2841 2454 2880; x_wconf 85' lang='lat' dir='ltr'>Demosthenes,</span> 
     </span>
    </p>
   </div>
   <div class='ocr_carea' id='block_1_7' title="bbox 659 2891 1650 2938">
    <p class='ocr_par' dir='ltr' id='par_1_21' title="bbox 659 2891 1650 2938">
     <span class='ocr_line' id='line_1_38' title="bbox 659 2891 1650 2938; baseline 0.006 -17"><span class='ocrx_word' id='word_1_229' title='bbox 659 2891 697 2921; x_wconf 80' lang='lat' dir='ltr'>«le</span> <span class='ocrx_word' id='word_1_230' title='bbox 715 2891 856 2929; x_wconf 81' lang='lat' dir='ltr'>Corona,</span> <span class='ocrx_word' id='word_1_231' title='bbox 875 2901 934 2932; x_wconf 88' lang='lat'>233</span> <span class='ocrx_word' id='word_1_232' title='bbox 955 2892 1089 2934; x_wconf 83' lang='lat' dir='ltr'>(where,</span> <span class='ocrx_word' id='word_1_233' title='bbox 1108 2893 1275 2932; x_wconf 86' lang='lat' dir='ltr'>however,</span> <span class='ocrx_word' id='word_1_234' title='bbox 1296 2913 1317 2917; x_wconf 97' lang='lat'>—</span> <span class='ocrx_word' id='word_1_235' title='bbox 1338 2909 1396 2928; x_wconf 78' lang='grc' dir='ltr'>του</span> <span class='ocrx_word' id='word_1_236' title='bbox 1411 2905 1449 2927; x_wconf 88' lang='lat' dir='ltr'>as</span> <span class='ocrx_word' id='word_1_237' title='bbox 1467 2895 1650 2938; x_wconf 87' lang='lat' dir='ltr'>Genitive).</span> 
     </span>
    </p>
   </div>
   <div class='ocr_carea' id='block_1_8' title="bbox 773 2946 1501 2989">
    <p class='ocr_par' dir='ltr' id='par_1_22' title="bbox 773 2946 1501 2989">
     <span class='ocr_line' id='line_1_39' title="bbox 773 2946 1501 2989; baseline 0.007 -13"><span class='ocrx_word' id='word_1_238' title='bbox 773 2947 824 2987; x_wconf 80' lang='lat'>84.</span> <span class='ocrx_word' id='word_1_239' title='bbox 851 2946 982 2989; x_wconf 68' lang='lat' dir='ltr'>Istius]</span> <span class='ocrx_word' id='word_1_240' title='bbox 1028 2947 1165 2979; x_wconf 88' lang='lat' dir='ltr'>Edition</span> <span class='ocrx_word' id='word_1_241' title='bbox 1184 2949 1234 2989; x_wconf 86' lang='lat'>&#39;32</span> <span class='ocrx_word' id='word_1_242' title='bbox 1252 2948 1314 2980; x_wconf 90' lang='lat' dir='ltr'>has</span> <span class='ocrx_word' id='word_1_243' title='bbox 1332 2953 1351 2967; x_wconf 76' lang='lat'>‘⁶</span> <span class='ocrx_word' id='word_1_244' title='bbox 1367 2949 1456 2982; x_wconf 86' lang='lat' dir='ltr'>illius</span> <span class='ocrx_word' id='word_1_245' title='bbox 1470 2951 1501 2981; x_wconf 87' lang='lat'>&#39;&#39;.</span> 
     </span>
    </p>
   </div>
   <div class='ocr_carea' id='block_1_9' title="bbox 2402 727 2456 768">
    <p class='ocr_par' dir='ltr' id='par_1_23' title="bbox 2402 727 2456 768">
     <span class='ocr_line' id='line_1_40' title="bbox 2402 727 2456 768; baseline 0 0"><span class='ocrx_word' id='word_1_246' title='bbox 2402 727 2456 768; x_wconf 85' lang='lat'>60</span> 
     </span>
    </p>
   </div>
   <div class='ocr_carea' id='block_1_10' title="bbox 2564 0 2594 3749">
    <p class='ocr_par' dir='ltr' id='par_1_24' title="bbox 2564 0 2594 3749">
     <span class='ocr_line' id='line_1_41' title="bbox 2564 0 2594 3749; baseline 0 0"><span class='ocrx_word' id='word_1_247' title='bbox 2564 0 2594 3749; x_wconf 95' lang='lat' dir='ltr'> </span> 
     </span>
    </p>
   </div>
   <div class='ocr_carea' id='block_1_11' title="bbox 2402 1425 2457 1468">
    <p class='ocr_par' dir='ltr' id='par_1_25' title="bbox 2402 1425 2457 1468">
     <span class='ocr_line' id='line_1_42' title="bbox 2402 1425 2457 1468; baseline 0 -11"><span class='ocrx_word' id='word_1_248' title='bbox 2402 1425 2457 1468; x_wconf 93' lang='lat'>70</span> 
     </span>
    </p>
   </div>
   <div class='ocr_carea' id='block_1_12' title="bbox 2403 2107 2457 2149">
    <p class='ocr_par' dir='ltr' id='par_1_26' title="bbox 2403 2107 2457 2149">
     <span class='ocr_line' id='line_1_43' title="bbox 2403 2107 2457 2149; baseline 0 0"><span class='ocrx_word' id='word_1_249' title='bbox 2403 2107 2457 2149; x_wconf 89' lang='lat'>80</span> 
     </span>
    </p>
   </div>
   <div class='ocr_carea' id='block_1_13' title="bbox 2510 1710 2578 3167">
    <p class='ocr_par' dir='ltr' id='par_1_27' title="bbox 2510 1710 2578 3167">
     <span class='ocr_line' id='line_1_44' title="bbox 2541 1710 2578 2077; baseline 0 90"><span class='ocrx_word' id='word_1_250' title='bbox 2541 1710 2551 2000; x_wconf 54' lang='lat' dir='ltr'><em>l</em></span> <span class='ocrx_word' id='word_1_251' title='bbox 2567 2053 2578 2077; x_wconf 57' lang='lat'><strong>²</strong></span> 
     </span>
     <span class='ocr_line' id='line_1_45' title="bbox 2535 2178 2539 2228; baseline 0 0"><span class='ocrx_word' id='word_1_252' title='bbox 2535 2178 2539 2228; x_wconf 81' lang='grc' dir='ltr'><strong><em>ι</em></strong></span> 
     </span>
     <span class='ocr_line' id='line_1_46' title="bbox 2530 2229 2538 2428; baseline 0 -73"><span class='ocrx_word' id='word_1_253' title='bbox 2530 2229 2538 2428; x_wconf 33' lang='lat' dir='ltr'>&#39;J</span> 
     </span>
     <span class='ocr_line' id='line_1_47' title="bbox 2524 2488 2531 2656; baseline 0 0"><span class='ocrx_word' id='word_1_254' title='bbox 2524 2488 2531 2656; x_wconf 64' lang='grc' dir='ltr'><em>ἐ</em></span> 
     </span>
     <span class='ocr_line' id='line_1_48' title="bbox 2519 2658 2526 2828; baseline 0 0"><span class='ocrx_word' id='word_1_255' title='bbox 2519 2658 2526 2828; x_wconf 72' lang='lat' dir='ltr'>l</span> 
     </span>
     <span class='ocr_line' id='line_1_49' title="bbox 2515 2830 2524 2957; baseline 0 -22"><span class='ocrx_word' id='word_1_256' title='bbox 2515 2830 2524 2957; x_wconf 66' lang='grc' dir='ltr'>ξ,</span> 
     </span>
     <span class='ocr_line' id='line_1_50' title="bbox 2510 3100 2514 3167; baseline 0 0"><span class='ocrx_word' id='word_1_257' title='bbox 2510 3100 2514 3167; x_wconf 84' lang='grc' dir='ltr'>Ι</span> 
     </span>
    </p>
   </div>
   <div class='ocr_carea' id='block_1_14' title="bbox 2492 2100 2508 3749">
    <p class='ocr_par' dir='ltr' id='par_1_28' title="bbox 2492 2100 2508 3749">
     <span class='ocr_line' id='line_1_51' title="bbox 2492 2100 2508 3749; baseline 0 0"><span class='ocrx_word' id='word_1_258' title='bbox 2492 2100 2508 3749; x_wconf 95' lang='lat' dir='ltr'> </span> 
     </span>
    </p>
   </div>
  </div>
 </body>
</html>
