2594 3749
434 329 770 363 CONDOLENCE
802 329 935 360 WITH
970 328 1143 359 BISHOP
1178 328 1282 359 PAT.
1318 327 1514 359 FORBES.
1795 328 1871 372 177

80 899 308 941 XXVII.
373 897 649 938 ELEGIA
706 897 796 937 AD
850 895 1368 937 REVERENDUM
1423 893 1878 938 ANTISTITEM

254 976 661 1019 PATRICIUM
718 975 1162 1018 FORBESIUM.
1210 975 1629 1018 EPISCOPUM
1677 977 1883 1018 AERE-

254 1057 624 1105 DONENSEM,
657 1056 793 1098 CUM
831 1054 1102 1096 FRATRIS
1137 1054 1388 1097 OBITUM
1426 1055 1788 1097 DEFLERET.

255 1197 374 1238 Pone
398 1196 579 1237 modum
603 1194 814 1245 lacrimis,
842 1194 1040 1244 Praesul,
1066 1194 1346 1248 fraternaque
1369 1197 1551 1237 tandem

313 1266 490 1306 Funera
513 1264 685 1318 plebeio
708 1263 860 1306 desine
884 1278 1005 1305 more
1028 1263 1166 1317 queri.

256 1334 383 1375 Flere
406 1333 545 1383 nefas,
570 1340 764 1388 portum,
789 1339 999 1388 superato
1022 1331 1174 1374 navita
1197 1339 1333 1386 ponto

313 1404 427 1445 Cum
450 1410 587 1452 tenet,
613 1410 655 1444 et
679 1402 804 1443 nexis
827 1408 955 1443 ornat
979 1401 1180 1456 aplustra
1203 1401 1330 1443 rosis.

256 1472 384 1514 Flere
407 1472 545 1522 nefas,
572 1472 700 1514 miles
724 1471 926 1514 confecto
952 1472 1098 1513 Marte
1120 1471 1399 1526 triumphum

316 1543 431 1584 Cum
456 1541 713 1596 Capitolina
735 1542 877 1584 victor
899 1541 942 1582 in
967 1556 1067 1583 arce
1091 1541 1225 1583 canit.

261 1613 403 1668 Quem
427 1612 571 1666 gemis
594 1612 880 1662 exstinctum,
907 1610 1116 1653 subduxit
1141 1611 1351 1654 fluetibus
1374 1612 1527 1654 alnum

319 1682 489 1731 Frater,
515 1687 557 1722 et
581 1680 625 1722 in
649 1687 747 1723 tuto
769 1681 933 1735 gaudia
956 1681 1100 1722 laetus
1124 1680 1230 1734 agit.

261 1750 482 1792 Hostibus
506 1750 713 1792 edomitis
737 1751 922 1800 exultat,
949 1757 991 1792 et
1015 1764 1150 1791 aurea
1173 1749 1283 1792 caeli

315 1818 506 1873 Templa
528 1826 700 1869 tenens,
728 1819 907 1862 Christo
931 1834 1032 1861 cum
1056 1820 1181 1869 duce,
1208 1827 1360 1861 cantat
1387 1821 1450 1862 Io.
1844 1835 1894 1862 10

261 1887 363 1938 Hic,
389 1888 595 1930 diadema
617 1903 775 1943 gerens
798 1888 944 1930 rutilis
967 1887 1139 1942 insigne
1163 1888 1356 1943 pyropis,

317 1959 490 1999 Aureus
513 1957 715 2012 ingentes
739 1957 904 1999 eminet
928 1957 1044 1999 inter
1065 1972 1186 1999 avos.

259 2027 611 2081 Adseriptusque
634 2028 768 2069 choro
792 2029 1028 2082 Superum,
1053 2027 1253 2081 caelique
1276 2027 1505 2078 ministris,

319 2098 574 2151 Conspectu
598 2097 758 2138 fruitur
779 2111 955 2151 semper
977 2104 1019 2138 et
1043 2111 1116 2138 ore
1142 2097 1241 2138 Dei.

262 2167 322 2207 Et
346 2166 626 2208 circumfusis
650 2174 896 2220 pascuntur
918 2166 1088 2208 lumina
1110 2166 1316 2220 gemmis,

30 2235 35 2318 'l
319 2236 679 2289 Aethereumque
703 2243 831 2278 sonat
856 2250 1032 2290 semper
1054 2236 1097 2277 in
1121 2251 1226 2277 aure
1250 2236 1404 2278 melos.

263 2305 354 2346 Sub
379 2304 564 2359 pedibus
590 2305 829 2359 Solemque
853 2305 971 2347 videt
1002 2305 1267 2358 Lunamque
1295 2305 1475 2355 moveri,

324 2375 384 2415 Et
408 2374 562 2415 mundi
586 2374 779 2416 famulas
803 2374 946 2416 calcat
971 2374 1132 2428 ubique
1154 2375 1289 2416 faces.

265 2443 598 2496 Despectatque
622 2458 730 2485 cavo
754 2443 863 2485 caeli
888 2444 969 2485 sub
991 2443 1157 2485 fornice
1183 2444 1336 2492 nubes,

323 2512 643 2566 Oceanumque
666 2527 844 2566 vagum,
871 2527 1093 2566 quamque
1116 2512 1293 2566 reliquit
1318 2513 1521 2554 humum.
1844 2528 1896 2555 20

266 2581 387 2622 Dum
411 2581 562 2635 procul
587 2581 670 2623 hoc
693 2588 866 2636 spectat
891 2581 1000 2623 caeli
1025 2596 1165 2624 novus
1188 2581 1334 2623 incola
1356 2588 1588 2636 punctum,

210 2725 258 2757 17.
285 2716 355 2748 Sub
372 2717 514 2757 pedibus
531 2717 638 2749 solem
659 2717 777 2758 videt.]
824 2718 979 2759 Adapted
993 2718 1079 2749 from
1092 2717 1211 2759 Virgil,
1230 2717 1316 2755 Ecl.,
1331 2719 1371 2748 V.
1390 2727 1440 2759 57,
1458 2728 1496 2749 as
1509 2724 1544 2749 to
1558 2718 1614 2750 the
1627 2718 1736 2750 vision
1753 2718 1899 2760 enjoyed

96 2767 138 2810 by
154 2769 211 2801 the
228 2770 382 2812 glorified
400 2772 567 2812 shepherd
587 2772 753 2813 Daphnis.
801 2773 830 2803 A
848 2773 976 2804 similar
993 2773 1097 2804 strain
1116 2773 1155 2803 of
1167 2772 1383 2804 consolation
1401 2783 1520 2804 occurs
1538 2773 1571 2804 in
1590 2774 1656 2804 No.
1676 2774 1800 2804 XLIV.

209 2834 260 2856 21.
287 2826 381 2857 Caeli
399 2827 591 2867 punctum.]
636 2827 785 2867 Already
807 2827 840 2858 in
862 2828 1065 2868 Johnston‘s
1085 2837 1160 2867 age,
1177 2826 1325 2868 through
1343 2826 1464 2868 Tycho
1482 2827 1604 2865 Brahe,
1622 2827 1680 2859 the
1696 2828 1901 2860 revelations

97 2879 135 2910 of
152 2886 349 2921 astronomy
366 2881 452 2913 have
476 2882 576 2914 made
600 2882 657 2913 the
681 2882 834 2914 cultured
858 2883 952 2914 mind
975 2882 1120 2914 familiar
1143 2882 1225 2914 with
1245 2882 1302 2913 the
1324 2882 1492 2914 littleness
1515 2883 1555 2914 of
1573 2893 1632 2914 our
1656 2883 1756 2924 globe
1773 2893 1901 2925 among

99 2933 154 2965 the
170 2934 336 2977 heavenly
352 2937 440 2967 orbs.

988 2995 1015 3023 Z

59 3299 71 3588 ——aed
56 3156 59 3194 ‚„„
