2594 3749
723 305 804 345 206
1511 310 1746 341 PARERGA.

1104 872 1303 913 XXXII.
1343 872 1617 914 NICARES
1652 870 2132 913 GARIOMARRAE.

896 1036 1042 1090 Quam
1067 1034 1191 1087 legis,
1215 1033 1382 1074 Aloicis
1410 1033 1596 1074 Nicares
1618 1033 1697 1074 tibi
1723 1032 1843 1073 misit
1867 1032 1922 1073 ab
1945 1031 2059 1073 oris:

955 1104 1162 1157 Pe1·lege;
1197 1104 1456 1158 parendum,
1483 1103 1783 1151 Gariomarra,
1807 1101 1899 1143 viro
1922 1108 2003 1142 est.

896 1175 998 1215 Non
1022 1173 1129 1214 mihi
1153 1180 1208 1221 te,
1230 1172 1436 1221 comitum,
1462 1173 1637 1213 Ledeae
1661 1185 1780 1212 more
1805 1171 1990 1225 puellae,

954 1242 1160 1296 Hospitis
1183 1241 1436 1295 amplexum
1461 1240 1771 1295 praeposuisse
1795 1254 1966 1293 queror.

895 1311 976 1353 Vis
999 1311 1237 1352 manifesta
1259 1310 1366 1360 fuit;
1402 1310 1463 1352 sic
1493 1309 1706 1352 Deianira
1729 1309 1889 1351 marito

955 1380 1132 1421 Dicitur
1155 1380 1379 1421 Herculea
1403 1385 1532 1434 rapta
1553 1379 1690 1420 fuisse
1714 1393 1860 1420 manu.

894 1448 1065 1491 Taliter
1090 1448 1415 1490 Ischomachen
1438 1448 1597 1490 fratres
1624 1462 1809 1502 rapuere
1836 1447 2118 1496 bimembres,

954 1519 1142 1560 Pectora
1165 1519 1343 1559 funesto
1369 1533 1469 1559 cum
1498 1518 1673 1559 caluere
1700 1532 1834 1559 mero.

895 1587 1066 1629 Taliter
1086 1588 1322 1629 Aeneadae
1346 1589 1556 1642 praedam
1580 1588 1722 1629 fecere
1746 1587 1952 1637 Sabinam,

952 1656 1077 1698 Talis
1100 1663 1142 1698 et
1168 1656 1437 1698 Hermiones
1459 1657 1586 1698 foeda
1613 1656 1768 1711 rapina
1794 1656 1889 1698 suit.
2470 1667 2522 1696 10

895 1726 959 1768 Te
984 1726 1092 1767 mihi
1116 1726 1257 1767 iunxit
1284 1727 1463 1781 Hymen
1483 1743 1491 1768 :
1526 1733 1630 1768 sunt
1654 1726 1759 1768 facti
1783 1725 1928 1767 sidera
1951 1732 2105 1775 testes,

955 1796 1167 1850 Quaeque
1192 1795 1432 1850 Lycaoniis
1456 1795 1654 1837 subiacet
1678 1795 1900 1837 ora-rotis.

898 1864 985 1905 Hic
1009 1879 1105 1918 ego,
1129 1871 1172 1905 te
1195 1865 1303 1914 visa,
1326 1864 1468 1914 calui;
1501 1864 1648 1906 luxere
1672 1864 1844 1918 iugales

956 1933 1043 1975 Hic
1067 1933 1176 1974 mihi
1202 1934 1438 1974 Parrhasio
1462 1948 1550 1974 non
1574 1933 1726 1988 procul
1750 1933 1851 1986 igne
1873 1933 2004 1974 faces.

894 2001 1012 2043 Tum
1037 2002 1145 2042 mihi
1168 2008 1226 2051 te,
1252 2003 1488 2057 Nymphas
1511 2002 1626 2043 inter
1647 2002 1800 2056 regina
1826 2003 2009 2051 Boreas,

956 2072 1067 2125 Spes
1090 2078 1183 2112 erat
1208 2078 1438 2113 aeternum
1464 2071 1653 2126 coniuge
1675 2086 1804 2125 posse
1826 2071 1924 2112 frui.

897 2141 983 2182 Sed
1007 2140 1094 2181 cito
1118 2155 1188 2181 me
1212 2141 1359 2182 lusum
1384 2141 1518 2182 miser
1540 2148 1582 2182 et
1606 2140 1829 2182 contraria
1853 2139 1971 2181 sensi

957 2209 1182 2258 Numina;
1216 2217 1263 2251 tu
1287 2210 1488 2252 thalamo
1511 2216 1638 2264 rapta
1660 2216 1842 2264 repente
1866 2224 1965 2251 meo
1988 2223 2044 2250 es.

898 2277 1098 2332 Coniuge
1124 2279 1377 2321 Peirithous
1401 2280 1565 2321 bellum
1590 2279 1785 2333 suscepit
1809 2280 2034 2333 adempta,

863 2435 889 2456 1.
915 2427 1026 2468 Quam
1043 2426 1156 2468 legis]
1200 2426 1282 2458 Scil.
1301 2431 1320 2444 “
1336 2427 1526 2469 Epistolam
1542 2426 1573 2457 '’.

915 2481 1071 2521 Aloieis.]
1115 2482 1226 2519 Alloa,
1245 2482 1290 2522 by
1313 2482 1372 2514 the
1401 2482 1517 2520 Forth‚
1547 2482 1604 2513 the
1630 2482 1791 2513 southern
1817 2487 1890 2513 seat
1913 2482 1952 2513 os
1970 2481 2027 2512 the
2049 2480 2225 2515 Erskines.
2284 2481 2333 2512 Its
2349 2487 2453 2513 tower
2469 2480 2522 2513 de·

723 2536 855 2568 scribed
873 2536 906 2566 in
924 2542 1002 2567 note
1019 2547 1062 2568 on
1081 2537 1213 2567 Keith’s
1230 2537 1283 2568 Sc.
1301 2536 1442 2578 Affairs,
1461 2546 1558 2578 2⁹427
1578 2536 1823 2578 (Spottiswood
1841 2536 1956 2578 Club).

859 2600 890 2630 3.
916 2590 1099 2632 Ledaeae.]
1146 2591 1257 2623 Helen
1275 2592 1315 2624 of
1334 2592 1437 2632 Troy.

860 2655 890 2686 7.
918 2645 1169 2688 Ischomache]
1230 2659 1259 2673 =
1278 2645 1542 2687 Hippodameia.
1590 2646 1764 2688 (Propert.,
1786 2646 1831 2677 11.
1850 2644 1930 2688 2·9.)

861 2710 890 2740 7.
917 2699 1155 2740 Bimembres.]
1200 2700 1379 2731 Centaurs.

843 2763 891 2785 10.
919 2753 1132 2795 Hermione.]
1179 2754 1427 2795 Neoptolemus
1442 2764 1513 2786 was
1530 2754 1587 2785 the
1604 2754 1767 2795 mythical
1785 2758 1804 2772 ‘⁸
1823 2753 1986 2786 abductor
2001 2754 2021 2768 ''
2038 2753 2077 2785 os
2090 2753 2287 2785 Hermione.

843 2817 891 2839 12.
918 2809 1386 2849 Lycaonius—Parrhasius]
1435 2810 1524 2841 Both
1548 2809 1696 2851 epithets
1713 2825 1741 2836 =
1764 2809 1999 2847 “Arcadiam''
2025 2809 2091 2841 and
2115 2809 2213 2849 (from
2238 2809 2294 2840 the
2318 2809 2520 2841 connection

724 2862 764 2893 of
774 2862 919 2894 Arcadia
935 2863 1017 2894 with
1035 2864 1178 2896 Callisto
1195 2864 1262 2896 and
1278 2865 1335 2896 the
1353 2864 1456 2896 Great
1475 2864 1574 2906 Bear)
1595 2878 1623 2891 =
1642 2864 1827 2896 Northern.

843 2926 890 2956 15.
917 2918 1071 2957 Boreas]
1117 2918 1180 2956 1'.e.‚
1198 2919 1283 2950 from
1301 2918 1410 2950 Greek
1426 2919 1559 2961 βόρειος.
1610 2919 1666 2961 Cf.
1685 2919 1800 2950 Ovid's
1816 2929 1877 2949 axe
1895 2918 2016 2949 Boreo:
