2594 3749
674 315 756 355 224

809 2271 879 2301 105.
905 2261 1021 2294 Abiice‚
1045 2285 1054 2294 .
1079 2286 1087 2294 .
1113 2286 1120 2293 .

691 2316 765 2349 law.

811 2382 882 2413 107.
908 2371 1006 2414 Quod
1024 2373 1152 2414 patriae
1169 2372 1304 2418 donas.]
1352 2373 1381 2405 A
1398 2373 1519 2415 phrase
1536 2373 1763 2416 anticipating
1778 2373 1835 2405 the
1852 2373 1928 2405 idea
1944 2373 1976 2404 in
1995 2372 2222 2405 Goldsmith‘s

1462 309 1699 341 PARERGA.

849 428 922 470 Sic
945 427 1024 470 tibi
1048 434 1105 478 te,
1133 427 1364 482 Musisque
1387 426 1491 478 tuis,
1515 433 1757 481 vatumque
1785 425 1962 468 choreis

910 498 1043 547 Urbs,
1068 503 1126 547 et,
1150 511 1263 551 quae
1286 503 1483 538 mentem
1507 495 1712 546 fascinat,
1736 495 1838 537 aula
1861 494 1991 549 rapit.

850 567 986 608 Error
1008 566 1052 607 in
1076 566 1158 607 hoc
1181 566 1270 608 fors
1293 572 1376 616 est,
1400 572 1442 608 et
1467 580 1564 608 sum
1589 564 1852 607 temerarius
1875 570 2046 612 auctor,

909 635 1080 678 Nititur
1101 643 1144 677 et
1167 650 1282 678 vano
1303 635 1416 678 forte
1443 635 1622 690 querela
1647 640 1786 676 metu.

855 704 1051 747 Urbibus
1074 704 1119 746 in
1142 704 1300 746 mediis
1326 704 1465 746 vitam
1493 718 1597 759 pars
1620 703 1815 745 maxima
1837 708 1991 744 vatum

911 773 1065 824 Duxit,
1090 780 1184 815 erat
1208 773 1362 815 multis
1387 773 1605 828 Principis
1628 772 1730 814 aula
1752 773 1926 814 domus.

854 843 1042 884 Mantua
1065 857 1195 896 quem
1219 842 1388 897 genuit,
1412 848 1590 884 caneret
1613 856 1714 883 cum
1741 840 1905 883 Martia
1927 846 2053 882 vates

912 911 1101 962 Proelia,
1128 911 1431 966 Martigenum
1455 911 1564 953 civis
1586 910 1630 952 in
1654 911 1760 952 urbe
1782 910 1876 951 fuit.

853 979 974 1021 Vixit
997 980 1041 1020 in
1064 980 1148 1023 hac
1172 981 1310 1030 Naso,
1334 987 1512 1022 teneros
1534 994 1635 1022 cum
1659 979 1764 1021 lusit
1788 993 1978 1028 amores,

912 1049 1100 1103 Scripsit
1124 1056 1166 1091 et
1190 1049 1261 1091 hic
1290 1049 1495 1098 Flaccus,
1523 1048 1843 1103 Bilbilicusque
1871 1062 2019 1090 senex.

855 1120 991 1161 Sacra
1015 1119 1286 1161 Caledoniae
1309 1119 1453 1169 Siren,
1480 1119 1787 1161 Buchananus
1809 1118 1854 1159 in
1877 1118 1980 1160 aula

913 1188 1174 1238 Consenuit,
1199 1187 1414 1242 strepitus
1436 1187 1552 1229 inter
1573 1194 1617 1230 et
1641 1202 1766 1230 arma
1787 1187 1946 1229 virum.

858 1257 946 1298 Hic
969 1263 1122 1298 tamen
1145 1257 1335 1299 Arctoas
1357 1256 1537 1312 hymnis
1559 1256 1830 1298 coelestibus
1852 1271 1983 1298 aures

916 1325 1097 1375 Imbuit‚
1122 1331 1165 1367 et
1189 1325 1328 1367 sacris
1349 1325 1519 1380 templa
1544 1325 1764 1367 Britanna
1786 1324 1941 1366 modis.

860 1393 947 1435 Hic
971 1393 1176 1436 Cirrham
1203 1394 1405 1435 Iordanis
1428 1394 1571 1448 aquis,
1599 1393 1821 1436 Helicona
1845 1393 1967 1436 Sioni

917 1462 1082 1513 Iunxit,
1107 1469 1150 1505 et
1176 1464 1383 1505 Hebreae
1409 1463 1604 1505 Romula
1627 1463 1796 1518 plectra
1818 1463 1953 1518 lyrae.

860 1531 946 1572 His
969 1546 1119 1573 comes
1141 1533 1358 1574 accedens
1381 1533 1448 1580 da,
1471 1546 1584 1586 quae
1606 1531 1737 1586 fugis,
1761 1532 1853 1574 otia
1878 1531 2045 1574 Musis:

918 1600 1127 1642 Phocidis
1150 1602 1204 1642 ad
1228 1601 1375 1643 fontes
1397 1607 1440 1643 et
1463 1607 1543 1643 tua
1567 1615 1694 1643 sacra
1716 1600 1823 1642 redi.

858 1669 1025 1718 Abiice‚
1050 1684 1163 1723 quae
1185 1670 1308 1711 nullo
1331 1669 1585 1712 scribuntur
1606 1669 1827 1724 Apolline,
1852 1683 1991 1719 ceras,

917 1739 1153 1793 Verbaque
1175 1738 1482 1794 Thespiadum
1507 1754 1595 1781 non
1619 1740 1730 1781 bene
1753 1746 1860 1781 nota
1882 1738 2031 1781 choro.

860 1810 987 1864 Quod
1011 1808 1179 1862 patriae
1202 1810 1357 1859 donas,
1381 1811 1437 1851 da
1462 1816 1636 1863 partem
1664 1808 1881 1864 temporis
1905 1808 2026 1858 Orbi,

916 1877 1121 1932 Totaque
1146 1879 1452 1920 Menstraeum
1476 1879 1558 1920 sub
1583 1879 1687 1920 Iove
1710 1885 1827 1920 terra
1849 1877 1982 1931 legat.

863 1946 938 1988 Nil
962 1946 1148 2001 patriae,
1171 1947 1328 1998 fateor,
1352 1961 1440 1989 non
1462 1948 1610 1997 debes,
1635 1947 1736 2002 plus
1757 1953 1909 1988 tamen
1933 1945 1977 1987 in
2000 1952 2044 1987 te

921 2015 1037 2058 Iuris
1060 2022 1102 2058 et
1125 2016 1299 2071 imperii
1324 2017 1547 2059 maximus
1571 2016 1704 2059 Orbis
1726 2016 1875 2058 habet.

824 2154 876 2192 96.
903 2152 1079 2184 Bilbilicus
1096 2154 1226 2193 senex.]
1272 2153 1421 2192 Martial,
1440 2164 1460 2185 a
1475 2153 1590 2185 native
1606 2153 1645 2185 of
1659 2153 1791 2185 Bilbilis
1807 2153 1841 2184 in
1860 2152 1977 2194 Spain.

827 2217 878 2248 97.
905 2207 1165 2248 Buchananus.]
1211 2208 1269 2239 Six
1286 2208 1424 2240 notable
1440 2207 1526 2240 lines
1542 2208 1723 2250 regarding
1740 2209 1876 2249 George
1893 2207 2094 2239 Buchanan.
2143 2251 2146 2253 Α

1145 2263 1266 2306 ceras]
1304 2263 1412 2305 Away
1427 2263 1509 2295 with
1526 2274 1600 2295 wax
1617 2263 1684 2295 and
1700 2263 1758 2295 red
1775 2270 1864 2305 tape‚
1887 2263 1954 2295 and
1971 2262 2123 2294 uncouth
2139 2267 2243 2294 terms
2259 2262 2298 2294 of
2309 2261 2493 2293 barbarous

1107 2443 1126 2456 “
1143 2440 1238 2471 Gave
1256 2450 1300 2481 up
1317 2446 1352 2472 to
1369 2446 1466 2481 party
1483 2440 1574 2471 what
1590 2449 1661 2472 was
1678 2445 1793 2472 meant
1810 2440 1860 2470 for
1876 2437 2080 2470 mankind'’.

2424 643 2478 684 90

2405 1335 2484 1363 100
