2594 3749
708 378 791 420 240
1486 375 1725 409 PARERGA.

708 933 920 973 XXXIX.
951 932 1034 973 AD
1066 931 1344 975 THOMAM
1376 934 1809 982 NICOLSONUM,
1838 932 2502 977 IURISCONSULTORUM

1422 1013 1796 1056 PRINCIPEM.

879 1148 1058 1204 Accipe,
1082 1164 1215 1204 quam
1240 1149 1338 1192 vovi
1361 1149 1456 1200 tibi,
1483 1150 1737 1201 Nicolsone‚
1762 1151 1970 1202 salutem,

940 1219 1100 1272 Meque
1122 1225 1200 1260 tua
1223 1219 1401 1273 pariter,
1426 1219 1462 1260 si
1486 1226 1626 1273 potes,
1651 1227 1744 1262 arte
1767 1220 1883 1262 iuva.

882 1288 1042 1329 Mutua
1065 1287 1286 1342 pollicitos
1309 1288 1492 1330 rnemini
1516 1303 1596 1331 nos
1621 1289 1773 1331 munia
1798 1289 1932 1340 vitae,

937 1356 1130 1398 Alterius
1153 1356 1327 1411 quoties
1349 1357 1461 1399 alter
1485 1365 1632 1412 egeret
1660 1373 1757 1414 ope.

883 1425 1014 1467 Solve
1036 1425 1168 1466 fidem
1187 1441 1196 1467 :
1230 1425 1335 1468 fatis
1357 1440 1438 1480 ego
1460 1432 1504 1468 te
1527 1426 1645 1481 prior
1665 1427 1781 1469 ictus
1803 1426 1979 1481 iniquis,

940 1494 1085 1536 Multa
1107 1494 1200 1549 pati
1223 1509 1369 1549 cogor,
1394 1496 1537 1538 multa
1563 1496 1755 1539 nefanda
1776 1497 1875 1539 tuli.

881 1564 964 1605 Est
988 1563 1111 1614 mihi,
1136 1579 1277 1619 nuper
1298 1571 1391 1607 erat
1415 1571 1545 1614 certe,
1567 1565 1682 1607 male
1705 1565 1882 1620 pinguis
1905 1567 2086 1621 agellus,

941 1634 1170 1687 Parvaque
1192 1633 1422 1688 gramineo
1444 1634 1612 1689 cespite
1634 1641 1756 1677 tecta
1777 1636 1952 1677 domus.

882 1702 1052 1755 Satque
1075 1716 1294 1756 superque
1318 1717 1400 1745 sua
1422 1718 1468 1745 se
1491 1710 1757 1759 paupertate
1779 1704 1893 1746 tueri

942 1771 1068 1812 Haec
1092 1771 1261 1813 medios
1283 1771 1398 1814 inter
1419 1779 1570 1827 posset
1593 1780 1635 1815 et
1659 1773 1731 1815 ille
1755 1775 1908 1816 Getas.
2458 1786 2508 1815 10

883 1840 983 1881 Non
1007 1846 1158 1882 tamen
1182 1840 1301 1882 hunc
1324 1842 1449 1892 texit,
1474 1856 1562 1884 non
1586 1842 1701 1884 hanc
1724 1842 1917 1885 defendit
1941 1850 2143 1898 egestas:

941 1909 1117 1962 Raptus
1139 1923 1252 1963 ager,
1277 1924 1412 1964 parvo
1435 1925 1536 1952 cum
1560 1911 1650 1953 lare
1674 1918 1802 1966 rapta
1824 1926 1929 1953 casa
1951 1919 2032 1954 est.

881 1978 1007 2032 Quae
1032 1977 1139 2019 mihi
1163 1980 1372 2028 restabat,
1394 1979 1512 2022 vitae
1535 1995 1708 2034 quoque
1731 1982 1895 2035 praedo
1919 1981 2138 2030 minatur;

941 2047 1034 2088 Nec
1057 2046 1141 2088 nisi
1164 2048 1216 2089 de
1240 2047 1392 2102 iugulo
1415 2048 1503 2090 iarn
1527 2048 1635 2090 mihi
1659 2063 1764 2091 cura
1787 2064 1886 2091 meo
1908 2056 1990 2091 est.

881 2113 967 2164 Tu,
992 2115 1101 2156 caeli
1124 2117 1229 2157 dum
1253 2116 1352 2158 luce
1373 2117 1504 2165 fruor,
1526 2132 1732 2160 succurre
1755 2117 1919 2168 clienti,

941 2186 999 2226 Et
1024 2192 1201 2240 pactam
1225 2187 1410 2234 medico,
1431 2188 1535 2228 dum
1565 2187 1681 2237 licet,
1705 2188 1811 2229 affer
1832 2202 1972 2242 opem.

884 2254 958 2296 Nil
981 2269 1094 2309 opus
1115 2255 1186 2297 hic
1209 2256 1335 2306 ferro,
1359 2263 1403 2298 te
1426 2256 1553 2311 cinge
1575 2256 1827 2298 forensibus
1850 2256 2000 2306 armis,

939 2324 1064 2379 Quae
1087 2330 1273 2378 patruus
1295 2339 1445 2379 nuper,
1467 2340 1580 2379 quae
1601 2331 1727 2380 pater
1748 2332 1852 2368 ante
1874 2326 1990 2368 tulit.

885 2394 986 2434 Non
1009 2393 1088 2435 tibi
1114 2395 1359 2436 Nestoreae
1383 2394 1538 2436 Neleia
1561 2393 1747 2436 flumina
1770 2394 1962 2449 linguae,

943 2463 1036 2504 Nec
1061 2463 1326 2505 Laertiadae
1348 2463 1478 2505 fortia
1500 2465 1634 2506 verba
1657 2478 1821 2518 precor.
2455 2475 2507 2505 20
2562 2466 2574 2494 Γ

828 2609 854 2630 1.
882 2598 1097 2639 Nicolsone.]
1136 2600 1174 2630 In
1188 2599 1246 2631 the
1258 2599 1356 2630 Fasti
1369 2600 1409 2631 of
1420 2599 1596 2632 Aberdeen
1617 2600 1813 2641 University
1831 2600 1925 2632 there
1942 2599 1970 2631 is
1986 2599 2043 2631 the
2060 2605 2174 2641 entry:
2193 2602 2213 2617 ‘⁸
2226 2601 2317 2639 1619.
2358 2599 2508 2631 Thomas
2552 2621 2568 2628 ..

712 2654 876 2686 Nicolson
901 2654 940 2684 os
960 2653 1254 2695 Cockburnspath,
1279 2653 1466 2692 Advocate,
1492 2655 1725 2696 Commissary
1747 2655 1787 2686 of
1810 2654 2022 2686 Aberdeen.''
2085 2655 2139 2686 He
2164 2654 2191 2686 is
2215 2654 2272 2686 the
2297 2660 2451 2686 ancestor
2474 2651 2512 2685 of

710 2709 767 2740 the
784 2708 929 2740 families
952 2708 990 2739 of
1010 2708 1212 2740 Glenbervie
1237 2709 1304 2741 and
1330 2710 1486 2750 Kemnay
1502 2710 1542 2741 of
1560 2709 1635 2740 that
1659 2719 1769 2748 name,
1790 2709 1929 2741 became
1954 2709 2005 2741 Sir
2026 2709 2188 2746 Thomas,
2206 2708 2274 2740 and
2296 2719 2367 2740 was
2392 2708 2509 2749 King's
2559 2718 2570 2746 1}

711 2764 884 2795 Advocate
910 2769 944 2795 at
972 2763 1053 2795 time
1078 2764 1118 2795 of
1139 2764 1344 2796 Montrose's
1367 2764 1480 2796 death.
1533 2764 1678 2796 Consult
1702 2764 1775 2796 also
1799 2763 1891 2795 Book
1915 2764 1957 2806 of
1975 2764 2204 2801 Bon-Accord‚
2229 2774 2260 2805 p.
2282 2772 2365 2801 21o;
2390 2760 2507 2804 Burgh
2562 2776 2570 2799 ς

710 2817 852 2849 Rccords
879 2819 952 2858 (Sp.
980 2817 1059 2858 CL),
1086 2828 1116 2858 p.
1147 2819 1219 2857 384.
1266 2819 1295 2848 A
1320 2818 1437 2850 sketch
1461 2819 1500 2850 of
1519 2818 1571 2849 his
1595 2818 1726 2859 history
1743 2819 1809 2850 and
1827 2818 1982 2860 persona!
2000 2828 2213 2859 appearance
2230 2818 2258 2849 is
2273 2817 2373 2859 given
2391 2817 2423 2848 in
2443 2817 2502 2849 Mt.
2562 2821 2568 2835 ’

709 2873 799 2913 John
824 2873 998 2904 Bulloch‘s
1022 2873 1150 2914 Georgc
1174 2872 1357 2915 Jamcsonc
1380 2875 1426 2914 (p.
1450 2874 1534 2915 150),
1553 2873 1630 2905 who
1647 2873 1785 2914 painted
1809 2883 1829 2905 a
1852 2874 1993 2914 portrait
2017 2874 2057 2905 of
2077 2873 2254 2905 Nicolson.
2302 2873 2331 2904 A
2355 2872 2452 2904 letter
2473 2869 2511 2904 of

711 2927 864 2959 Thomas
883 2927 1046 2959 Nicolson
1063 2927 1131 2958 will
1155 2927 1197 2959 be
1215 2927 1319 2959 found
1343 2928 1376 2959 in
1401 2927 1579 2969 Appendix
1603 2933 1639 2960 to
1664 2927 1840 2969 Spalding,
1862 2927 2010 2965 Trublis,
2030 2928 2055 2959 1.
2073 2937 2158 2969 4173
2181 2927 2224 2969 cf.
2245 2927 2318 2959 also
2336 2925 2506 2968 Spalding,

713 2982 755 3014 11.
777 2992 808 3023 7,
825 2991 907 3022 319;
934 2981 1166 3018 Caldcrwood,
1184 2992 1291 3023 7307.
2537 2984 2542 3149 ΙΙ

2533 3327 2542 3396 ᾗ.

2525 3584 2568 3749 Ξῖ-
2530 3402 2571 3553 “T
