2594 3749
694 313 775 354 208

685 2540 782 2571 form.

800 2930 840 2960 79

1483 318 1723 350 PARERGA.

926 437 1146 484 Praebuit,
1170 436 1360 491 inceptis
1382 450 1470 478 non
1495 435 1606 478 satis
1628 449 1769 489 aequa
1792 434 1917 476 meis.

865 507 976 549 Falx
999 506 1158 556 aliena,
1182 506 1256 547 diu
1279 505 1483 555 nimium,
1508 504 1616 546 mihi
1640 504 1827 546 messuit
1850 518 1996 558 agros,

922 577 993 624 Et,
1016 575 1086 616 cui
1110 589 1197 616 non
1221 574 1384 624 decuit,
1409 575 1572 629 praeda
1594 573 1715 615 fuere
1739 573 1869 615 lares.

865 644 938 685 Nil
963 650 1113 685 tamen
1137 649 1213 685 aut
1237 643 1394 697 culpae
1417 642 1631 697 peccandi
1655 641 1812 684 deterit
1838 656 1960 691 usus,

920 713 1008 754 Aut
1032 713 1148 766 quod
1170 712 1236 754 fas
1259 726 1347 754 non
1370 718 1451 761 est,
1477 711 1630 765 incipit
1655 725 1752 752 esse
1776 725 1913 752 mora.

864 783 973 830 Nec,
998 795 1110 835 quae
1133 782 1264 822 dente
1287 781 1379 822 fero
1403 786 1672 822 consumunt
1696 787 1857 829 cetera,
1881 780 2031 833 legum

867 880 871 885 ·
923 851 974 891 In
997 849 1152 891 titulos
1175 849 1415 904 quidquam
1438 855 1641 903 tempora
1663 848 1772 890 iuris
1794 849 1972 890 habent.

865 918 1046 960 Pectine
1070 925 1286 960 nocturno
1311 917 1496 959 stolidos
1519 932 1631 971 quae
1655 917 1760 959 lusit
1784 923 2004 966 amantes,

921 989 1040 1030 Orba
1063 987 1137 1028 diu
1161 987 1266 1028 vixit
1294 987 1542 1040 Penelopea
1564 986 1669 1028 viro.

864 1058 964 1098 Non
988 1063 1139 1098 tamen
1162 1055 1311 1098 amisit
1334 1055 1401 1097 vir
1422 1054 1692 1109 coniugialia
1715 1055 1823 1103 iura,

921 1126 1006 1166 Sed
1031 1124 1195 1166 mansit
1219 1124 1406 1166 thalami
1431 1139 1543 1178 quae
1565 1124 1646 1165 fuit
1669 1130 1773 1166 ante
1796 1124 1916 1165 fides.

863 1195 1066 1248 Purpura
1088 1200 1131 1235 te
1155 1194 1317 1243 forsan,
1342 1193 1549 1243 coniunx,
1574 1199 1616 1235 et
1639 1192 1760 1247 regia
1781 1199 1973 1247 tangunt

920 1264 1121 1316 Sceptra,
1147 1262 1332 1303 salutari
1355 1261 1472 1316 regis
1495 1268 1537 1303 et
1561 1276 1670 1303 uxor
1692 1276 1812 1303 aves.

863 1331 986 1373 Felix
1010 1331 1239 1380 Aeacides,
1264 1331 1355 1385 regi
1379 1346 1510 1385 quem
1534 1330 1745 1386 praetulit
1769 1345 1891 1380 uxor,

919 1400 1150 1454 Argolicas
1172 1400 1298 1441 fleret
1321 1414 1423 1442 cum
1447 1400 1583 1442 miser
1604 1406 1709 1442 ante
1731 1406 1866 1442 rates.

864 1470 1001 1517 Haec,
1024 1468 1366 1523 Agamemnonii
1391 1469 1565 1523 quoties
1587 1468 1804 1510 strinxere
1827 1468 1993 1517 lacerti,

920 1537 1078 1586 Flevit,
1101 1544 1159 1587 et,
1184 1538 1405 1587 Assertor,
1430 1537 1552 1588 dixit,
1578 1537 1763 1588 Achille,
1787 1537 1903 1580 veni.

863 1607 989 1648 Exue
1012 1620 1082 1647 rne
1106 1606 1307 1660 sceptris,
1332 1613 1389 1656 et,
1414 1608 1531 1661 quod
1555 1606 1836 1656 circumfluit,
1859 1613 2002 1649 ostro:

920 1677 999 1717 Sat
1024 1675 1132 1716 mihi
1158 1676 1308 1717 Pelide
1331 1675 1519 1731 coniuge
1541 1691 1673 1731 posse
1699 1675 1797 1718 frui.

862 1745 988 1786 Iusta
1010 1745 1189 1798 querela
1210 1744 1294 1786 fuit
1313 1760 1320 1787 :
1354 1745 1506 1787 felices
1529 1759 1725 1800 purpura
1746 1746 1903 1788 taedas

918 1814 1020 1854 Non
1043 1813 1163 1863 facit,
1189 1813 1372 1856 alterius
1395 1829 1496 1856 cum
1519 1814 1711 1857 violatur
1732 1829 1871 1856 amor.

858 1881 1070 1936 Turpiter
1091 1881 1269 1924 invictis
1292 1882 1428 1925 iacuit
1454 1883 1672 1925 Mavortis
1695 1883 1739 1924 in
1762 1883 1881 1925 ulnis

917 1950 1095 2006 Cypria,
1120 1951 1363 2006 loripedem
1388 1952 1539 1995 nescia
1561 1953 1672 1994 ferre
1693 1953 1854 1995 virum.

859 2019 1059 2074 Coniuge
1082 2020 1353 2075 posthabito,
1377 2021 1514 2076 regali
1543 2021 1714 2077 Poppia
1741 2021 1856 2064 lecto

915 2088 1126 2143 Turpiter
1147 2095 1332 2143 excepta
1354 2096 1435 2140 est,
1461 2091 1768 2144 Caesareoque
1791 2089 1902 2131 sinu.

859 2158 1024 2200 Castus
1047 2171 1172 2200 amor
1194 2172 1320 2200 meus
1343 2165 1426 2209 est,
1450 2165 1492 2201 et
1517 2158 1701 2201 crimine
1725 2158 1836 2201 liber
1857 2159 1911 2200 ab
1934 2157 2070 2207 omni,

918 2226 1002 2282 Qui
1025 2226 1120 2269 face
1144 2227 1314 2268 solenni
1337 2234 1380 2269 te
1404 2227 1512 2269 mihi
1536 2227 1674 2270 vinxit
1700 2228 1892 2282 Hymen.

860 2296 943 2337 Est
969 2295 1077 2337 mihi
1102 2295 1171 2338 ius
1194 2295 1238 2338 in
1261 2303 1316 2345 te,
1338 2296 1549 2352 Tygrana
1571 2298 1687 2351 quod
1718 2303 1871 2339 manat
1895 2297 1950 2339 ab
1972 2296 2083 2351 ipso,

800 2433 852 2471 56.
879 2432 1004 2473 Incipit
1020 2433 1122 2473 esse.]
1167 2432 1250 2464 Scil.
1269 2437 1288 2451 “
1303 2433 1388 2471 fas,”
1407 2443 1444 2466 as
1455 2433 1625 2475 predicate
1642 2439 1678 2465 to
1694 2433 1736 2465 be
1753 2432 1917 2475 supplied.

799 2488 851 2518 61.
878 2487 1121 2527 Coniugialia.]
1161 2488 1207 2519 So
1225 2488 1257 2519 in
1276 2488 1406 2520 edition
1427 2491 1519 2529 1632,
1538 2488 1604 2520 ancl
1622 2489 1654 2519 in
1675 2488 1891 2530 Middelburg
1908 2487 2179 2529 “coniugialia,''
2198 2487 2308 2519 which
2327 2487 2354 2518 is
2371 2486 2488 2519 Ovid’s

830 2544 849 2557 “
864 2540 1068 2581 Coniugalia
1081 2541 1097 2554 ''
1116 2541 1154 2572 of
1167 2541 1223 2572 the
1240 2541 1389 2572 Delitiae
1409 2543 1488 2582 1637
1507 2541 1535 2573 is
1552 2552 1572 2573 a
1588 2541 1732 2573 mistake
1749 2551 1786 2572 or
1803 2541 1969 2582 misprint.

799 2821 851 2851 74.
880 2811 1109 2852 Loripedem.]
1165 2812 1406 2844 Lame-footed
1422 2813 1566 2845 Vulcan.

799 2875 851 2906 75.
879 2866 1036 2906 Poppia.]
1081 2866 1155 2898 The
1174 2868 1333 2908 Poppaea
1349 2867 1389 2898 os
1402 2868 1503 2899 Nero.

845 2943 851 2950 .
877 2919 1065 2961 Tygrana]
1105 2920 1149 2962 (Y
1166 2921 1244 2953 here
1260 2921 1364 2959 short,
1383 2921 1442 2953 but
1459 2922 1540 2963 long
1563 2921 1594 2952 in
1620 2922 1685 2954 No.
1706 2921 1885 2962 XXXIII.)
1925 2922 2098 2962 Anagram
2117 2921 2165 2952 sor
2186 2922 2204 2937 ‘¹
2219 2920 2387 2960 Gratny,'’
2406 2919 2483 2952 Earl
2533 2917 2536 2940 ¹

800 2595 852 2634 63.
880 2594 986 2636 Regia
1010 2596 1170 2635 sceptra]
1226 2596 1264 2625 In
1289 2595 1347 2627 the
1372 2595 1526 2627 fifteenth
1550 2601 1692 2636 century
1716 2595 1773 2626 the
1800 2595 1907 2636 Royal
1934 2595 2054 2626 House
2078 2594 2118 2625 of
2137 2594 2281 2625 Stewart
2305 2594 2428 2635 sought
2451 2600 2487 2626 to

685 2647 782 2680 make
800 2649 947 2680 Garioch
965 2648 1031 2680 and
1051 2650 1124 2680 Mar
1141 2659 1184 2681 an
1202 2659 1380 2691 appanage
1396 2651 1436 2682 of
1447 2650 1504 2682 the
1520 2651 1654 2688 Crown,
1671 2649 1847 2682 bestowed
1863 2660 1907 2682 on
1925 2659 2020 2681 some
2037 2648 2193 2691 cadetssof
2203 2648 2346 2689 royalty,

799 2704 851 2743 64.
877 2704 992 2742 Aves]
1046 2703 1110 2741 i.e.‚
1128 2704 1205 2735 hast
1225 2704 1389 2736 ambition
1406 2710 1454 2737 to.

799 2758 851 2798 67.
880 2758 1005 2797 Haec.]
1049 2757 1114 2796 i.e.,
1133 2758 1272 2790 Briseis.
