2594 3749
656 316 672 343 1
681 303 734 344 86
1438 304 1677 337 PARERGA.

829 428 1010 469 Praeter
1032 440 1138 480 opes
1159 423 1419 478 titulosque,
1442 428 1520 464 tuo
1544 423 1625 464 sub
1648 435 1750 476 rege
1772 434 2030 476 supremum

888 496 1035 536 Nacta
1056 493 1138 535 fuit
1162 491 1264 535 belli
1289 491 1564 545 militiaeque
1587 491 1734 532 decus.

829 565 968 613 Adde,
993 563 1109 617 quod
1133 576 1155 603 e
1179 560 1298 603 socio
1320 559 1482 610 fecisti,
1508 559 1671 609 Gallia,
1696 558 1854 609 civem,

890 631 1130 685 Scotigena
1153 628 1354 684 quisquis
1378 628 1514 683 stirpe
1537 634 1715 670 creatus
1738 633 1843 669 erat.

833 702 1025 755 Ipsaque
1048 698 1275 741 fulmineis
1299 699 1535 740 Scotorum
1559 696 1726 739 credita
1749 694 1916 738 dextris

892 767 1112 823 Principis
1135 773 1177 809 et
1203 766 1385 808 Domini
1408 765 1500 808 vita
1524 766 1734 820 salusque
1756 764 1822 806 tui
1845 770 1927 806 est⁴

835 838 963 880 Illius
985 839 1173 879 Arctoae
1197 835 1357 877 solium
1381 849 1530 876 rexere
1554 848 1732 876 secures

893 907 1103 960 Sempe1·;
1138 911 1180 946 et
1204 904 1275 946 hic
1298 904 1470 958 priscus
1493 917 1611 945 nunc
1634 916 1809 956 quoque
1831 903 1959 943 durat
1983 900 2138 943 honos.

838 974 1002 1016 Martia
1026 975 1259 1015 Musarum
1284 972 1319 1013 si
1343 971 1517 1014 confers
1539 985 1726 1013 munera
1748 970 1891 1020 donis,

897 1043 1060 1093 Gallia,
1087 1043 1209 1084 Mars
1234 1040 1377 1083 Musis
1400 1042 1539 1091 cedet,
1564 1047 1606 1082 et
1630 1054 1755 1082 arma
1776 1045 1922 1094 togae.
2390 1050 2468 1078 100

840 1114 1011 1166 Regna,
1035 1111 1168 1153 tubas
1191 1110 1320 1160 inter,
1344 1108 1542 1159 memini,
1567 1114 1645 1150 tua
1667 1108 1796 1150 foeda
1819 1107 2046 1162 premebat

897 1179 1148 1229 Barbaries,
1174 1177 1340 1232 passim
1364 1177 1547 1231 squalor
1569 1183 1611 1218 et
1634 1176 1789 1218 horror
1810 1182 1917 1218 erat.

841 1250 940 1291 Nox
963 1255 1056 1290 erat
1080 1254 1123 1289 et
1146 1247 1372 1296 tenebrae,
1397 1245 1553 1300 quales
1575 1245 1740 1287 texisse
1762 1245 1964 1287 feruntur

903 1317 1216 1370 Niliacamque
1242 1315 1434 1365 Pharon,
1459 1313 1814 1368 Cimmeriosque
1835 1314 1974 1356 lacus.

843 1387 1037 1437 Scilicet,
1061 1399 1185 1427 arma
1206 1384 1372 1426 timens
1395 1383 1555 1425 studiis
1577 1382 1759 1425 inimica
1784 1382 2026 1433 Minervae,

903 1457 1098 1509 Fugerat
1121 1453 1362 1503 Aonidum,
1387 1467 1488 1494 cum
1517 1453 1643 1502 duce,
1668 1458 1764 1494 tota
1787 1451 1957 1494 cohors.

844 1525 982 1575 Vidit,
1007 1531 1049 1566 et
1073 1523 1237 1566 auxilio
1259 1530 1303 1564 te
1326 1521 1436 1564 iuvit
1461 1521 1627 1572 Scotia‚
1651 1521 1786 1564 tellus

902 1594 1084 1636 Artibus
1106 1592 1312 1648 ingenuis
1334 1591 1614 1646 ingeniisque
1636 1597 1806 1646 potens.

849 1665 976 1706 Haec
999 1662 1312 1717 Aganippeum
1335 1661 1550 1716 populum
1574 1667 1844 1715 gentemque
1867 1667 2068 1714 togatam

907 1733 1047 1783 Misit,
1072 1731 1354 1787 Apollineam
1378 1745 1491 1785 quae
1514 1729 1594 1772 tibi
1616 1730 1748 1772 ferret
1771 1744 1916 1785 opem.
2399 1740 2479 1770 110

850 1804 903 1845 In
926 1808 1004 1844 tua
1026 1809 1123 1844 tum
1146 1801 1339 1856 primum
1362 1799 1512 1842 vidisti
1534 1814 1671 1854 regna
1694 1799 1852 1842 reverti

910 1870 1121 1920 Numina,
1145 1869 1358 1913 Castaliis
1385 1883 1499 1923 quae
1522 1868 1811 1911 dominantur
1832 1868 1976 1923 aquis.

854 1941 1090 1984 Barbaries
1112 1947 1208 1982 tum
1233 1939 1361 1994 pulsa
1383 1938 1480 1989 fuit,
1506 1938 1751 1993 pulsaeque
1773 1939 1997 1989 tenebrae,

912 2009 1049 2052 Lucis
1072 2016 1114 2052 et
1138 2011 1327 2051 Arctoae
1350 2007 1473 2050 fulsit
1497 2008 1660 2062 ubique
1684 2008 1824 2050 iubar.

857 2082 992 2123 Haud
1016 2094 1145 2122 secus
1169 2080 1265 2120 Eoo
1288 2077 1433 2120 noctis
1457 2078 1532 2120 Sol
1557 2077 1739 2120 discutit
1763 2078 1944 2120 umbras

914 2150 1121 2200 Lumine,
1146 2162 1416 2203 purpureum
1440 2147 1724 2202 restituitque
1747 2147 1879 2189 diem.

859 2221 1058 2262 Barbara
1080 2219 1197 2274 quod
1220 2232 1308 2259 non
1331 2231 1390 2266 es,
1414 2216 1560 2259 Scotis
1583 2217 1680 2268 hoc,
1707 2217 1870 2268 Gallia,
1895 2217 2043 2267 debes,

916 2290 1030 2332 Cum
1054 2287 1229 2342 quibus,
1253 2286 1325 2336 ah,
1350 2285 1515 2328 bellum
1539 2299 1657 2328 nunc
1678 2284 1844 2328 furiosa
1865 2285 1996 2340 geris.

823 2436 875 2468 97.
901 2427 1072 2466 Secures.]
1118 2424 1193 2457 The
1212 2425 1311 2456 Scots
1328 2421 1445 2454 Guard
1461 2423 1500 2454 of
1511 2422 1569 2455 the
1587 2423 1719 2455 French
1735 2422 1846 2464 kings.
2537 2454 2539 2458 ¹

805 2491 876 2521 107.
903 2480 953 2512 Te
981 2480 1064 2511 iuvit
1094 2478 1250 2519 Scotia.¹]
1310 2477 1384 2508 The
1411 2477 1616 2509 civilisation
1641 2477 1680 2509 of
1702 2478 1832 2508 France
1858 2476 1954 2509 itself
1980 2476 2008 2507 is
2035 2476 2115 2508 here
2141 2474 2287 2508 claimed
2307 2485 2345 2507 as
2366 2473 2431 2506 due
2455 2479 2490 2506 to

688 2535 745 2566 the
771 2535 922 2567 Scottish
946 2545 982 2566 or
1007 2535 1093 2566 Irish
1111 2532 1341 2566 missionaries
1366 2532 1431 2572 (St.
1450 2531 1527 2563 Gall
1548 2532 1614 2563 and
1638 2532 1687 2563 St.
1706 2531 1909 2570 Cohxmban,
1929 2532 2020 2572 etc.)‚
2037 2531 2115 2563 who
2132 2529 2299 2572 pervaded
2318 2531 2492 2570 Germany

689 2589 757 2621 and
775 2589 999 2621 Switzerland
1015 2589 1082 2621 and
1099 2589 1172 2620 also
1190 2586 1383 2619 influenced
1400 2586 1540 2617 France.
1582 2587 1749 2627 Compare
1767 2586 1824 2618 the
1841 2591 1920 2628 poet
1938 2585 2115 2617 Thomson
2135 2584 2310 2627 (Autumn)
2327 2583 2492 2625 speaking

689 2644 728 2675 of
742 2644 878 2675 ancient
896 2643 1046 2676 Scottish
1065 2643 1233 2674 influence
1250 2641 1317 2673 and
1334 2640 1465 2682 genius,
1483 2640 1600 2682 boldly
1619 2640 1799 2682 claiming:

1080 2714 1100 2727 “
1113 2709 1160 2740 As
1177 2709 1263 2741 from
1280 2707 1367 2739 their
1384 2716 1460 2738 own
1475 2706 1564 2738 clear
1583 2707 1703 2746 North,
1725 2707 1758 2738 in
1776 2706 1909 2738 radiant
1926 2711 2079 2743 streamS‚

1111 2764 1231 2806 Bright
1248 2772 1327 2795 over
1346 2762 1480 2803 Europe
1497 2761 1610 2793 bursts
1625 2762 1683 2793 the
1702 2762 1823 2794 Boreal
1840 2771 1936 2793 rnorn
1949 2762 1980 2792 ³⁷.

695 2820 758 2851 See
778 2821 868 2851 Note
885 2829 930 2851 on
949 2820 1016 2851 No.
1036 2820 1080 2850 II.

931 2920 941 2939 ¹
960 2920 1045 2952 This
1063 2920 1090 2952 is
1107 2930 1127 2952 a
1142 2920 1309 2962 rejoinder
1327 2926 1362 2952 to
1379 2920 1423 2953 all
1441 2920 1499 2952 the
1512 2919 1598 2960 jests
1614 2919 1718 2950 about
1736 2918 1852 2950 Scotia
1869 2917 1936 2949 and
1955 2917 2083 2954 σκότος,
2101 2926 2158 2948 see
2175 2927 2206 2957 p.
2224 2919 2254 2948 8.
