2594 3749
418 335 1015 368 FRENDRAUGHT--DIRGE
1047 335 1108 368 OF
1139 336 1242 367 THE
1274 336 1382 368 TWO
1414 336 1629 368 VICTIMS.
1841 337 1917 379 301

300 452 484 507 Effigies
506 452 576 494 his
598 453 720 494 nulla
742 451 823 494 viri
847 458 928 502 est,
954 466 1036 494 sua
1057 451 1240 494 brachia
1262 452 1387 502 nulli,

298 521 372 563 Nil
396 521 606 563 humeros
630 535 778 576 supra,
803 520 865 562 nil
889 527 955 562 est
979 521 1061 562 sub
1084 520 1199 574 pube
1222 520 1452 563 relictum:

297 590 471 644 Cuique
495 605 602 632 suus
623 597 801 632 tantum
826 596 1028 644 superest
1056 589 1151 630 sine
1178 589 1358 631 nomine
1380 596 1580 632 truncus.

298 660 335 701 O
360 660 550 709 caelum,
577 660 613 701 O
639 659 822 713 Superi!
858 665 958 713 post
986 659 1096 700 haec
1120 658 1219 712 quis
1241 659 1359 713 regis
1381 659 1523 712 equile

298 727 508 777 Threicii,
533 727 740 781 dirasque
762 726 841 768 feri
867 726 1088 768 Busiridis
1110 740 1224 775 aras,

297 797 385 837 Aut
411 795 762 850 Laestrygonias
785 795 954 850 epulas,
978 801 1055 836 aut
1078 794 1206 836 foeda
1228 794 1454 849 Thyestae

300 863 506 914 Prandia,
532 878 734 918 quaeque
759 863 853 905 Iovi
876 863 1015 905 fertur
1037 862 1253 904 struxisse
1278 863 1476 917 Lycaon,
1874 876 1927 915 30

298 934 387 975 Aut
409 939 487 974 tua
510 932 701 974 crudelis
724 931 908 974 miretur
928 931 1094 974 fercula
1119 931 1324 986 Progne?

301 1003 526 1043 Innocuos
548 1001 746 1051 iuvenes,
772 1001 929 1055 patriis
951 1001 995 1042 in
1018 1000 1196 1050 finibus,
1221 1000 1337 1042 inter

301 1071 424 1113 Mille
447 1070 693 1121 clientelas,
718 1077 760 1112 et
783 1070 903 1112 avito
927 1069 1145 1124 sanguine
1168 1069 1345 1112 iunctos

301 1139 499 1194 Hospitii
523 1139 743 1190 dominos,
767 1139 913 1181 omnis
935 1138 1177 1193 damnique
1201 1138 1378 1193 dolique

302 1210 507 1258 Securos,
532 1223 778 1262 somnoque
799 1222 972 1263 graves,
997 1215 1039 1250 et
1066 1208 1211 1250 noctis
1233 1222 1400 1262 opacae

300 1278 506 1320 Vallatos
527 1278 737 1327 tenebris,
762 1277 975 1320 animatis
998 1277 1211 1332 sulphure
1233 1277 1428 1319 flammis

301 1346 509 1389 Vidimus
532 1346 793 1396 exstinctos,
817 1353 860 1388 et
883 1353 1028 1388 tracta
1051 1347 1269 1388 cadavera
1291 1345 1431 1388 foedis

303 1414 595 1468 Indignisque
619 1415 776 1464 modis,
801 1420 1040 1468 postquam
1065 1420 1168 1456 sunt
1192 1414 1351 1456 ultima
1374 1413 1510 1468 passi.

300 1482 479 1533 Tristis,
504 1491 546 1525 et
577 1483 742 1533 infelix,
767 1490 809 1525 et
833 1497 1010 1537 semper
1032 1483 1260 1537 inhospita
1281 1482 1417 1525 turris

302 1552 534 1594 Momento
557 1566 775 1594 succensa
797 1552 932 1602 brevi,
957 1552 1090 1594 simul
1114 1551 1204 1594 ima
1227 1551 1446 1606 supremis
1880 1562 1934 1603 40

304 1619 503 1670 Miscuit,
528 1627 570 1662 et
593 1620 793 1662 tumulos
816 1620 1045 1670 thalamis,
1070 1626 1113 1662 et
1135 1619 1292 1661 funera
1315 1634 1487 1669 somno,

302 1690 361 1730 Et
384 1688 566 1731 famulis
589 1689 808 1739 dominos,
833 1703 1022 1743 quorum
1046 1688 1231 1731 confusa
1255 1688 1459 1730 iacebant

303 1759 476 1800 Obruta
498 1758 731 1800 ruderibus
754 1757 879 1807 cinis,
905 1772 1020 1808 ossa,
1046 1759 1289 1800 cadavera:
1324 1772 1517 1811 namque

303 1827 514 1882 Corporis
537 1828 682 1877 unius,
709 1827 907 1877 memini,
932 1842 1034 1882 pars
1057 1842 1159 1870 ossa
1181 1828 1374 1876 fuerunt,

305 1897 414 1938 Pars
437 1895 550 1938 cinis
572 1896 845 1945 immundus,
868 1903 1037 1938 tostum
1066 1910 1170 1950 pars
1192 1895 1293 1949 igne
1318 1897 1520 1937 cadaver.

303 1965 450 2020 Quam
476 1979 571 2006 sors
594 1966 704 2007 dura
725 1965 808 2006 fuit
827 1966 834 2006 !
869 1965 994 2006 vivos
1017 1966 1122 2006 dum
1147 1964 1346 2019 pascitur
1368 1964 1499 2018 ignis,

306 2034 451 2075 Nemo
474 2048 626 2083 manu,
650 2048 779 2088 prece
802 2048 934 2075 nemo
958 2033 1094 2083 iuvat,
1120 2047 1201 2075 nec
1224 2033 1344 2075 abire
1369 2039 1578 2086 parantes

307 2102 554 2158 Quisquam
583 2102 759 2144 animas
781 2102 881 2156 pius
904 2117 976 2144 ore
999 2102 1121 2156 legit,
1145 2116 1331 2143 vocesve
1359 2115 1591 2156 supremas

305 2173 422 2212 Aure
445 2171 569 2221 bibit,
594 2172 748 2213 dextra
770 2171 838 2212 vel
862 2170 1033 2212 lumina
1056 2170 1206 2212 condit
1231 2169 1391 2212 amica.

305 2241 451 2282 Nemo
474 2255 601 2282 sacra
623 2240 795 2283 cineres
817 2242 1022 2282 turbatos
1045 2240 1206 2294 excipit
1231 2254 1357 2281 urna.
1883 2249 1936 2290 50

307 2310 453 2350 Nemo
476 2309 731 2363 parentales
754 2309 963 2351 lacrimas
987 2309 1240 2350 insontibus
1263 2308 1447 2358 umbris,

305 2379 394 2420 Aut
417 2378 618 2420 trucibus
641 2379 717 2420 dat
739 2385 840 2421 tura
863 2378 996 2433 rogis,
1022 2385 1098 2420 aut
1122 2385 1240 2420 serta
1265 2377 1494 2432 sepulcris.

308 2446 513 2488 Illustres
536 2446 734 2497 iuvenes,
757 2461 990 2502 procerum
1014 2461 1155 2502 genus
1178 2446 1303 2496 alter,
1328 2445 1448 2488 avito

250 2620 302 2651 53.
329 2611 539 2650 Procerum.]
585 2610 725 2642 Gordon
750 2610 789 2641 of
810 2610 1024 2651 Rothiemay,
1045 2608 1237 2641 descended
1254 2610 1293 2640 of
1311 2608 1369 2640 the
1394 2608 1553 2640 Gordons
1569 2608 1608 2639 of
1627 2608 1850 2639 Carnborrow
1869 2609 1938 2645 (see

134 2670 215 2695 note
240 2663 273 2695 in
299 2663 476 2705 Spalding,
501 2664 653 2701 Trublcs,
672 2665 698 2695 Ι.
716 2666 781 2704 47),
803 2664 973 2705 belonged
996 2671 1032 2695 to
1056 2664 1112 2694 the
1137 2670 1268 2704 gentry‚
1286 2663 1343 2694 the
1367 2663 1456 2694 class
1479 2662 1519 2693 of
1540 2661 1732 2695 “Lairds’'.
1787 2662 1817 2692 A
1840 2662 1938 2692 sister

134 2719 324 2760 [Margaret
341 2719 381 2750 of
401 2719 619 2760 Rothiemay]
642 2719 798 2758 married,
826 2719 859 2749 in
887 2720 979 2758 1643,
1005 2719 1121 2759 James
1146 2717 1299 2755 Gordon,
1325 2727 1386 2749 son
1412 2717 1451 2748 of
1471 2716 1597 2748 Robert
1620 2716 1658 2747 of
1678 2716 1937 2753 Straloch‚xvho

134 2773 275 2805 became
298 2774 357 2805 the
379 2773 597 2805 well-known
623 2776 642 2790 ‘⁶
657 2774 784 2805 Parson
809 2774 849 2804 of
869 2773 1102 2814 Rothiemay''
1128 2772 1238 2812 (Scots
1262 2771 1404 2813 Affm'rs,
1431 2770 1545 2812 Spald.
1574 2770 1670 2807 Club,
1695 2770 1771 2802 Vol.
1798 2770 1824 2802 Ι.
1849 2769 1934 2801 Pref.

136 2837 168 2868 p.
187 2828 254 2867 36).
304 2827 379 2859 The
398 2827 495 2859 other
517 2827 644 2865 victuri,
668 2827 725 2858 the
748 2827 915 2864 viscount,
940 2826 1007 2858 had
1028 2827 1121 2867 royal
1144 2825 1246 2858 blood
1271 2826 1303 2856 in
1329 2825 1381 2856 his
1400 2825 1506 2862 veins,
1526 2824 1673 2864 through
1693 2824 1750 2854 the
1771 2823 1938 2864 daughter

135 2881 174 2913 of
191 2882 309 2922 James
333 2882 360 2913 Ι.
384 2881 424 2913 of
444 2881 618 2921 Scossand,
649 2882 803 2913 Princess
828 2881 1029 2920 Annabella,
1056 2881 1135 2912 who
1158 2891 1229 2912 was
1253 2879 1398 2911 married
1421 2885 1456 2910 to
1480 2880 1626 2920 George,
1651 2878 1777 2909 second
1802 2878 1879 2909 Earl
1903 2878 1943 2909 of

137 2936 283 2977 Huntly,
307 2935 375 2967 and
399 2935 538 2968 became
562 2936 694 2967 mother
718 2936 756 2967 of
774 2935 975 2973 Alexander,
999 2935 1090 2966 third
1112 2934 1202 2967 Earl.
