2594 3749
689 298 768 326 110

1463 291 1702 323 I’ARERGA.

911 409 1060 451 Audiit
1085 410 1193 451 haec
1216 416 1415 463 questuS‚
1440 407 1740 460 auxiliumque
1764 407 1879 448 tulit.

854 479 938 534 Qui
964 480 1093 520 modo
1115 479 1307 520 terrebat
1331 477 1557 526 minitans,
1582 476 1653 518 hic
1675 476 1819 518 dicere
1842 489 2024 517 causam

911 547 1109 601 Cogitur,
1134 554 1175 588 et
1199 547 1345 600 legum
1370 547 1557 588 subdere
1579 545 1693 587 colla
1716 545 1832 599 iugo.

854 616 955 658 Vim
980 617 1103 658 locus
1127 623 1168 657 et
1192 616 1321 657 iudex
1345 617 1569 657 arcebant.
1635 614 1766 655 Miles
1785 615 1839 656 ad
1862 620 1980 655 artes

913 685 1124 735 Vertitur,
1149 691 1191 726 et
1215 685 1389 726 technis
1412 684 1610 738 implicat
1633 697 1764 725 omne
1787 683 1943 724 forum.

856 755 957 802 Non
979 761 1044 796 tot
1068 754 1340 808 imaginibus
1363 753 1466 795 lusit
1491 753 1627 794 maris
1650 752 1795 794 incola
1820 752 2020 800 Proteus,

915 825 1007 865 Nec
1030 838 1203 877 procus,
1232 823 1480 864 Herculeae
1503 836 1633 876 quern
1658 823 1867 863 domuere
1892 834 2066 861 manus.

858 893 944 934 Sed
968 892 1070 945 quid
1095 892 1217 945 agit?
1251 891 1387 933 facies
1409 891 1527 932 hunc
1550 898 1786 945 postquam
1809 889 1940 930 vertit
1964 889 2007 929 in
2031 902 2185 930 omnes

917 962 1046 1003 Mens
1069 961 1201 1010 mala,
1226 960 1421 1002 decernit
1445 960 1567 1002 curia
1589 967 1684 1001 tota
1710 973 1849 1000 reum.

859 1033 985 1073 Haec
1008 1032 1112 1073 dare
1134 1032 1346 1073 debuerat
1370 1030 1503 1071 finem
1529 1028 1752 1070 sententia
1773 1028 1854 1077 liti,

915 1102 1064 1142 Causa
1087 1101 1163 1141 sed
1186 1106 1253 1141 est
1277 1099 1395 1141 rixae
1418 1097 1774 1153 principiumque
1797 1111 1951 1138 novae.

859 1169 1051 1210 Nomine
1074 1168 1185 1210 lucis
1207 1182 1346 1210 ovans
1367 1169 1472 1210 urbs
1494 1174 1576 1217 est,
1601 1168 1788 1208 Astraea
1810 1165 2005 1207 tribunal

918 1238 1005 1280 Hic
1029 1237 1102 1279 ubi
1126 1251 1386 1279 mansurum
1410 1235 1518 1286 fixit,
1543 1242 1586 1277 et
1609 1235 1729 1278 alma
1751 1235 1953 1276 Themis.

859 1306 1074 1361 Litigium
1097 1307 1151 1348 de
1173 1305 1250 1347 lite
1273 1320 1439 1355 serens,
1464 1305 1551 1346 huc
1573 1310 1784 1358 provocat
1807 1304 1982 1353 effrons,

918 1377 975 1417 Et
999 1390 1046 1417 se
1068 1389 1282 1417 censurae
1305 1373 1539 1422 subtrahit,
1563 1374 1654 1419 Iva‚
1676 1379 1796 1415 tuae.

861 1446 947 1487 Sed
970 1444 1177 1486 Themidi
1199 1458 1309 1498 gens
1333 1458 1459 1485 sacra
1480 1443 1631 1485 dolum
1654 1441 1874 1497 persensit
1896 1448 1939 1484 et
1962 1448 2106 1483 artes:

918 1514 1012 1555 Nec
1036 1527 1173 1563 mora,
1198 1512 1359 1554 iudicio
1381 1512 1430 1554 fit
1453 1526 1555 1554 reus
1577 1511 1650 1553 ille
1673 1525 1800 1554 novo.

861 1582 939 1624 Bis
961 1597 1061 1624 reus
1083 1581 1183 1624 irati
1206 1582 1395 1623 debebat
1417 1581 1507 1623 tela
1529 1579 1667 1623 vereri

920 1650 1101 1701 Iudicis,
1126 1657 1168 1692 et
1191 1650 1339 1705 legum
1363 1649 1532 1692 discere
1553 1649 1677 1691 frena
1699 1648 1806 1704 pati.

863 1722 949 1762 Sed
971 1720 1173 1775 prohibet
1197 1734 1324 1762 mens
1346 1719 1487 1769 laeva,
1513 1718 1639 1761 novis
1662 1733 1742 1760 nos
1765 1717 1919 1760 litibus
1942 1731 2118 1772 urgens,

920 1790 1088 1843 Bisque
1109 1788 1428 1843 triumphatus,
1452 1787 1583 1830 tertia
1606 1793 1754 1830 castra
1776 1794 1917 1842 parat.

862 1859 997 1902 Curia
1018 1860 1219 1901 restabas
1241 1865 1290 1900 tu
1316 1859 1370 1900 de
1395 1858 1538 1900 tribus
1564 1871 1667 1908 una,
1691 1857 1858 1912 priores

921 1929 1045 1983 Quae
1067 1927 1198 1982 regis,
1222 1933 1265 1969 et
1288 1926 1458 1982 patriae
1480 1926 1576 1969 iura
1599 1941 1806 1981 suprema
1828 1932 1969 1967 tenes.

862 1996 928 2039 Te
950 2011 1098 2039 coram
1126 1996 1278 2038 infelix
1303 1995 1436 2038 toties
1459 2010 1574 2038 nova
1595 1995 1762 2050 proelia
1785 1994 1914 2037 miles

920 2066 1100 2116 Tentat,
1124 2072 1167 2108 et
1190 2066 1373 2108 hiberno
1396 2065 1538 2108 sidere
1564 2066 1680 2108 bella
1706 2071 1869 2108 movet.

865 2137 966 2178 Non
989 2142 1140 2177 tamen
1164 2142 1231 2177 est
1254 2135 1315 2176 illi
1340 2135 1530 2189 pretium
1558 2134 1743 2176 victoria
1770 2147 1972 2189 pugnae:

923 2206 1002 2247 Sat
1025 2210 1152 2259 putat
1176 2204 1260 2246 hac
1282 2203 1445 2246 techna
1468 2210 1643 2245 nectere
1665 2218 1796 2257 posse
1819 2217 1982 2244 moras.

865 2273 938 2316 Sic
960 2273 1098 2315 vitam
1122 2273 1166 2314 in
1190 2272 1348 2314 mediis
1370 2272 1600 2327 exspirans
1622 2272 1864 2326 naufragus
1886 2270 2031 2321 undis,

922 2344 1056 2385 Certa
1078 2343 1180 2384 licet
1203 2356 1322 2384 mors
1346 2342 1416 2392 sit,
1441 2349 1624 2397 pugnat,
1650 2348 1692 2383 et
1715 2343 1864 2384 obstat
1887 2339 2030 2394 aquis.

867 2412 1039 2468 Quique
1061 2412 1212 2466 gulam
1236 2412 1395 2465 laqueo
1416 2412 1561 2461 debet,
1586 2417 1836 2461 cunctatur,
1860 2416 1903 2452 et
1926 2410 2099 2452 instans

924 2481 1201 2536 Supplicium
1225 2480 1383 2530 differt,
1409 2481 1524 2534 quod
1547 2479 1778 2534 prohibere
1804 2478 1973 2533 nequit.

868 2550 1072 2592 Iustitiae
1094 2551 1254 2592 devota
1277 2550 1449 2599 cohors,
1474 2564 1574 2604 spes
1597 2549 1728 2591 unica
1751 2548 1878 2590 nobis

925 2621 1048 2675 Quae
1071 2633 1267 2674 superes,
1292 2618 1489 2674 prohibe,
1513 2620 1629 2672 quod
1651 2625 1778 2673 potes
1805 2632 1908 2667 una,
1932 2617 2070 2658 nefas.

868 2690 946 2731 Sat
970 2688 1074 2730 rixis
1097 2703 1360 2743 pugnaeque
1383 2689 1552 2738 datum,
1577 2703 1657 2730 sua
1679 2694 1880 2742 tempora
1907 2686 2112 2728 Phoebus

927 2758 1089 2807 Poscit,
1114 2765 1156 2800 et
1180 2757 1388 2807 Aonides,
1413 2757 1597 2799 numina
1621 2763 1787 2806 nostra,
1815 2757 1952 2797 Deae.

996 2896 1048 2933 64.
1076 2894 1294 2933 Herculeae.]
1341 2895 1441 2933 Story
1457 2893 1493 2924 of
1516 2892 1696 2931 Achelous,
1716 2891 1927 2933 vanquished
1945 2891 1987 2931 by
2007 2890 2182 2921 Hercules.

2426 543 2479 584 60

2430 1245 2485 1287 70

2436 1924 2490 1966 80

2439 2628 2493 2669 90
