2594 3749
698 341 780 394 238

1451 349 1692 382 PARERGA.

870 469 1011 522 Haye,
1033 466 1253 509 latrocinii
1277 466 1365 509 iam
1390 481 1501 521 quas
1523 467 1649 508 decet
1672 465 1797 521 exige
1820 480 2003 521 poenas,

926 538 1141 592 Quodque
1165 536 1317 578 iubent
1341 536 1475 590 leges,
1501 536 1609 577 siste
1630 535 1790 577 furoris
1813 535 1910 577 iter.

866 607 983 647 Ante
1007 605 1087 647 luit
1109 605 1283 648 facinus
1307 605 1451 647 Latiis
1474 606 1712 659 praedator
1733 604 1777 646 in
1800 604 1900 654 oris,

926 675 1011 730 Qui
1035 675 1156 716 vafer
1177 689 1357 716 aversos
1379 674 1513 716 traxit
1537 674 1580 715 in
1603 680 1733 716 antra
1756 674 1907 716 boves.

869 745 971 785 Non
994 758 1076 798 ego
1098 745 1150 786 de
1174 745 1326 790 bobus,
1348 745 1401 785 de
1424 743 1564 798 raptis
1586 756 1831 797 conqueror
1851 741 1984 792 arvis,

927 814 995 855 De
1018 813 1123 863 lare,
1148 814 1230 854 sub
1253 812 1337 860 dio,
1360 827 1447 866 quo
1470 812 1576 861 sine,
1599 813 1745 854 nudus
1768 825 1866 866 ago.

867 883 959 924 Sub
985 883 1089 924 Iove
1114 896 1232 923 nunc
1255 881 1455 923 hiemant
1482 881 1623 923 teneri
1650 895 1750 923 cum
1774 880 1961 934 coniuge
1984 879 2093 928 nati,

925 952 1036 1005 Spes
1059 950 1164 992 laris
1189 949 1360 992 Icarius
1382 949 1540 992 torruit
1563 956 1667 992 ante
1690 949 1828 991 canis.

866 1020 935 1061 Ah
957 1034 1123 1069 vereor,
1148 1033 1202 1061 ne
1225 1019 1313 1061 iarn
1338 1025 1469 1060 notas
1491 1025 1693 1060 vertatur
1713 1019 1768 1060 ad
1791 1025 1911 1060 artes

926 1088 1099 1138 Hostis,
1123 1095 1166 1130 et
1190 1088 1387 1129 involvat
1409 1087 1565 1141 fasque
1587 1087 1799 1141 nefasque
1822 1086 1949 1128 dolis.

868 1157 990 1199 Mille
1013 1157 1124 1212 gerit
1147 1157 1324 1198 vultus:
1359 1170 1446 1198 non
1469 1163 1535 1198 tot
1559 1155 1696 1198 maris
1718 1155 1864 1198 incola
1889 1156 2076 1198 Proteus

924 1227 1092 1268 Versus
1115 1225 1158 1267 in
1182 1224 1361 1279 effigies
1383 1239 1471 1266 non
1494 1224 1718 1266 Achelous
1741 1231 1851 1266 erat.

865 1295 979 1338 Cum
1003 1295 1140 1344 lubet,
1166 1293 1237 1336 hic
1261 1293 1485 1336 modicum
1509 1295 1666 1335 doctus
1689 1307 1955 1348 componere
1978 1292 2135 1342 civem,

924 1363 1150 1406 Sternitur
1170 1369 1387 1416 augustos
1409 1362 1567 1404 iudicis
1589 1369 1694 1405 ante
1716 1363 1866 1417 pedes.

866 1433 1006 1475 Facta
1029 1432 1192 1474 infecta
1215 1438 1348 1485 negat
1369 1446 1378 1480 ;
1413 1431 1520 1473 celsi
1548 1445 1666 1474 nunc
1694 1431 1890 1473 aetheris
1911 1431 2037 1485 ignes

923 1502 1038 1544 Cum
1064 1502 1167 1543 Iove
1190 1507 1397 1550 testatur,
1422 1514 1540 1542 nunc
1562 1500 1828 1542 Acherontis
1851 1514 2003 1554 aquas

866 1571 998 1612 Nunc
1021 1571 1170 1612 studet
1193 1568 1384 1623 eloquio,
1409 1583 1528 1611 nune
1550 1575 1695 1611 tentat
1719 1568 1879 1611 iudicis
1900 1568 2043 1623 aequi,

925 1641 1044 1681 Dum
1068 1638 1210 1693 pretio
1234 1638 1391 1688 nescit,
1415 1637 1592 1680 flectere
1619 1639 1752 1680 corda
1774 1651 1920 1693 prece.

866 1709 960 1750 Nec
984 1707 1120 1749 semel
1143 1706 1346 1761 implevit
1370 1721 1520 1748 sacras
1544 1706 1789 1749 ululatibus
1812 1721 1954 1756 aures,

925 1779 996 1826 Et,
1019 1776 1216 1825 memini,
1240 1775 1448 1818 lacrimas
1470 1775 1514 1816 in
1537 1789 1647 1818 cava
1669 1782 1813 1817 rostra
1835 1775 1953 1817 tulit.

868 1846 1049 1889 Miscuit
1072 1846 1143 1887 his
1164 1845 1386 1900 gemitus;
1420 1851 1638 1899 quantum
1662 1852 1865 1888 mutatus
1887 1846 1942 1887 ab
1965 1844 2052 1894 illo,

923 1915 1009 1971 Qui
1033 1914 1184 1969 procul
1208 1914 1311 1956 hinc
1333 1914 1474 1956 oculis
1497 1914 1634 1969 spirat
1657 1921 1700 1956 et
1723 1928 1798 1956 ore
1820 1915 1977 1956 neces!

868 1986 1011 2027 Deme
1034 1984 1165 2026 fidem
1190 1983 1401 2034 lacrimis,
1425 1983 1560 2025 toties
1582 1984 1778 2034 delusus,
1802 1991 1845 2025 et
1867 1982 1978 2034 orbi,

925 2055 1088 2108 Magne
1111 2053 1253 2101 heros,
1274 2052 1448 2107 generis
1470 2053 1527 2095 da
1549 2053 1818 2095 documenta
1840 2051 1921 2094 tui.

867 2124 937 2166 Sis
960 2137 1100 2166 novus
1123 2122 1315 2172 Alcides,
1339 2129 1381 2164 et
1405 2136 1540 2177 quam
1563 2121 1694 2176 geris,
1718 2129 1841 2163 utere
1863 2121 2014 2171 elava3

926 2192 1061 2247 Eripe
1084 2206 1154 2233 me
1175 2191 1315 2241 furiis,
1338 2197 1381 2233 et
1405 2205 1519 2233 nova
1541 2197 1741 2233 monstra
1763 2192 1910 2232 doma.

869 2263 952 2304 Est
975 2275 1102 2303 sacra
1124 2275 1234 2315 gens
1257 2259 1440 2310 Phoebi,
1465 2274 1640 2302 sacrum
1664 2261 1788 2301 decet
1812 2273 1910 2301 esse
1932 2258 2186 2301 ministrum

926 2329 1064 2384 Regis
1084 2343 1093 2380 ;
1125 2328 1300 2383 utrique
1323 2343 1464 2377 suam,
1486 2343 1590 2371 nam
1615 2335 1756 2384 potes,
1780 2329 1886 2371 affer
1907 2343 2051 2383 opem.

928 2487 997 2518 125.
1025 2476 1235 2517 Praedator]
1280 2475 1355 2508 The
1371 2476 1490 2508 robber
1507 2477 1618 2509 Cacus
1635 2477 1674 2508 of
1685 2476 1743 2508 the
1761 2482 1854 2517 story
1871 2475 1904 2507 in
1921 2474 2057 2513 Acneid,
2075 2474 2174 2506 VIII.
2195 2483 2265 2514 190.

2416 961 2496 1001 130
2566 952 2568 956 ’

2414 2338 2492 2379 150
2586 2339 2590 2390 j
