2594 3749
142 2741 270 2777 guests.

143 2790 379 2833 Frendraught
395 2791 463 2831 (Sir
482 2791 520 2822 R.
540 2790 692 2829 Gordon,
711 2801 742 2831 p.
760 2791 838 2831 420)
856 2795 876 2808 ‘⁶
888 2790 945 2822 did
962 2791 1033 2822 lose
1050 2789 1179 2822 therein
1197 2800 1218 2821 a
1233 2795 1328 2831 great
1345 2788 1501 2831 quantity
1517 2788 1556 2819 os
1573 2787 1681 2824 silver,
1699 2786 1780 2818 both
1796 2785 1941 2826 cunyeid

140 2846 291 2886 [coined]
308 2845 374 2878 and
390 2846 595 2887 uncunyeid,
614 2845 681 2878 and
698 2845 838 2887 lykwise
855 2846 899 2877 all
917 2846 970 2877 his
986 2846 1079 2877 writs
1095 2845 1163 2877 and
1179 2844 1332 2877 evidents
1348 2855 1416 2875 wer
1433 2843 1542 2875 thetin
1559 2843 1659 2874 burnt
1670 2843 1701 2872 ''.

255 2901 307 2932 81.
333 2899 509 2945 Threicii.]
558 2902 622 2933 See
640 2904 659 2918 “
673 2901 815 2933 Thracis
828 2902 847 2916 ”
864 2901 898 2932 in
916 2902 937 2932 1.
956 2910 998 2941 50
1016 2901 1133 2933 above.

255 2955 308 2986 82.
334 2954 535 2995 Lycaonia.]
590 2954 707 2986 Resers
724 2962 760 2987 to
778 2955 896 2987 Ovid‘s
912 2956 1008 2993 Met„
1027 2956 1053 2986 1.
1073 2957 1144 2995 165.

496 351 1143 384 FRENDRAUGHT—LAMENT
1181 352 1241 384 OF
1273 352 1449 384 SOPHIA
1484 353 1598 385 HAY.

378 458 586 500 Proxima
610 457 848 499 Parrhasio
870 464 1003 508 terra,
1028 458 1104 499 sed
1128 463 1284 499 auctor
1305 457 1378 500 ubi
1403 459 1504 500 est?

318 529 478 570 Iuncta
500 527 582 569 fuit
605 527 765 581 laqueo
788 540 901 580 quae
928 526 1165 580 stringeret
1189 540 1317 568 ocrea
1340 541 1482 577 suras,

375 597 449 638 Nil
473 604 625 639 tamen
649 597 759 639 haec
782 596 895 638 lucis
917 610 1060 650 poena
1082 596 1150 637 vel
1174 596 1249 637 illa
1272 596 1405 637 dedit.

318 666 493 709 Ultima
515 665 702 715 tentavi,
727 666 803 706 sed
827 664 972 706 adhuc
995 665 1048 706 de
1072 663 1259 717 coniuge
1281 670 1408 717 rapto

377 735 510 777 Plura
533 734 642 776 mihi
666 734 734 776 fas
755 740 822 776 est
847 747 1072 787 quaerere,
1097 733 1224 787 plura
1247 732 1384 786 queri.

315 804 399 853 Ah,
424 803 530 846 laris
552 802 737 845 infausti
764 802 972 844 dominus
995 802 1087 843 fera
1108 808 1229 843 tecta
1251 808 1484 855 parantem

374 872 611 931 Linquere,
636 886 714 913 cur
735 885 823 913 non
847 878 914 912 est
938 885 1099 924 passus
1121 870 1241 911 abire
1264 869 1440 911 virum?

316 942 407 984 Cur
428 940 500 982 hic
523 947 566 982 et
590 939 778 982 comites
801 953 980 981 sensere
1004 939 1223 988 incendia,
1248 939 1371 980 salvo

376 1009 568 1063 Hospite
591 1023 692 1050 cum
714 1008 911 1058 famulis,
936 1008 1137 1062 coniuge,
1163 1007 1298 1061 prole,
1323 1006 1484 1049 bonis?

316 1079 407 1120 Cur
428 1077 533 1120 laris
556 1077 739 1118 exitium
764 1076 973 1118 dominus
996 1091 1084 1118 non
1107 1076 1227 1118 flevit
1252 1075 1359 1117 aviti

374 1145 595 1187 Ferreus?
631 1144 882 1198 hospitibus
905 1158 985 1185 nec
1008 1144 1109 1185 tulit
1134 1144 1296 1197 hospes
1318 1157 1446 1196 opem
1467 1143 1483 1184 ?

315 1215 406 1256 Cur
427 1213 533 1268 vigil
557 1213 746 1255 insuetis
769 1220 946 1254 noctem
970 1212 1166 1254 traduxit
1189 1213 1233 1253 in
1257 1212 1407 1261 armis,

373 1284 535 1325 Cetera
557 1296 658 1324 cum
684 1296 840 1324 somno
863 1283 993 1323 turba
1021 1281 1197 1336 sepulta
1224 1281 1367 1323 foret?

315 1352 406 1394 Cur
428 1351 589 1406 pressit
613 1351 822 1393 lacrimas
845 1357 910 1392 tot
934 1364 1119 1392 cernens
1141 1351 1310 1400 funera,
1336 1349 1466 1391 siccis

373 1420 499 1474 Quae
521 1419 593 1461 vix
616 1419 835 1474 spectavit
861 1419 1084 1461 Maenalis
1107 1433 1210 1461 ursa
1231 1418 1391 1472 genis?

315 1490 407 1532 Cur
428 1495 555 1543 pater
577 1495 619 1530 et
643 1488 737 1530 nati
761 1488 1051 1542 trepidantes,
1077 1488 1169 1529 sole
1192 1493 1358 1537 renato,

373 1558 474 1599 Non
498 1563 804 1611 exspectatam
829 1556 1076 1610 corripuere
1099 1556 1250 1610 fugam
1271 1556 1287 1597 ?

316 1627 408 1668 Cur
429 1640 536 1668 auro
559 1632 768 1680 corrupta
791 1625 896 1679 lupa
919 1625 1020 1667 est?
1055 1631 1280 1667 tormenta
1303 1624 1532 1666 ministros

373 1696 464 1738 Cur
486 1694 594 1736 mihi
619 1702 853 1749 suspectos
876 1694 1016 1736 noluit
1041 1695 1131 1736 ulla
1157 1695 1282 1749 pati?

317 1764 390 1805 Nil
414 1778 495 1818 ego
518 1778 606 1805 non
630 1764 775 1818 culpo,
800 1764 903 1818 quia
927 1763 1129 1818 suspicor
1151 1763 1301 1805 omnia
1324 1765 1522 1813 demens,

373 1833 581 1887 Quotque
605 1833 804 1882 aderant,
828 1847 984 1874 omnes
1007 1847 1199 1886 auguror
1221 1847 1318 1873 esse
1341 1846 1452 1873 reos.

315 1901 531 1955 Quisquis
553 1908 662 1950 erat,
687 1908 805 1943 certe
829 1901 902 1955 qui
927 1901 1141 1955 sulphura
1165 1900 1344 1942 miscuit
1368 1902 1526 1949 audax,

373 1969 548 2024 Quique
571 1969 692 2011 faces
716 1969 930 2011 thalamis
954 1969 1163 2019 subdidit,
1188 1969 1310 2011 intus
1332 1975 1440 2011 erat.

315 2037 401 2093 Qui
425 2038 536 2092 regit
559 2039 747 2079 Arctoas
770 2045 811 2080 et
834 2038 959 2080 vultu
982 2045 1203 2093 temperat
1226 2052 1342 2087 oras,

375 2108 566 2160 Deteget
591 2107 674 2148 hoc
698 2106 803 2148 olim
830 2107 1031 2161 Iuppiter
1053 2106 1146 2161 ipse
1170 2107 1308 2148 nefas.

316 2176 457 2228 Inque
479 2189 578 2216 reos
601 2175 794 2225 sceleris,
821 2190 944 2217 seras
967 2175 1039 2217 ubi
1063 2175 1240 2229 colliget
1266 2175 1367 2224 iras,

373 2243 572 2298 Stringet
596 2244 652 2285 ab
675 2244 899 2294 aetherea,
925 2259 1035 2298 quas
1063 2245 1202 2293 decet,
1228 2258 1326 2286 arce
1350 2244 1481 2284 faces.

317 2312 426 2368 Quis
448 2313 540 2354 fera
561 2312 757 2355 Threicii
781 2313 923 2355 nescit
948 2312 1180 2368 praesepia
1201 2312 1332 2367 regis,

374 2382 515 2435 Inque
540 2381 768 2436 Lycaonia
790 2381 961 2424 viscera
983 2389 1103 2424 tosta
1125 2383 1289 2424 domo?

256 2527 308 2558 54.
333 2518 436 2549 Astro
455 2517 666 2558 Parrhasio]
717 2518 791 2550 The
807 2517 1049 2550 constellation
1066 2518 1106 2549 of
1123 2518 1180 2549 the
1198 2518 1302 2549 Great
1320 2518 1417 2548 Bear.

256 2581 308 2613 55.
334 2573 469 2612 Ocrea]
514 2572 589 2604 The
607 2575 626 2590 “
638 2572 721 2604 boot
734 2573 752 2586 ”
775 2573 809 2604 in
827 2573 885 2605 the
901 2573 986 2614 days
1003 2573 1043 2604 of
1061 2571 1446 2604 torture-examination.
1495 2571 1559 2602 See
1577 2575 1655 2601 next
1672 2578 1783 2610 poem,
1803 2569 1868 2600 No.
1888 2568 1940 2604 L.‚

142 2627 285 2659 seventh
302 2626 370 2658 line
387 2627 473 2658 ftom
490 2626 534 2658 its
550 2627 653 2659 close.

256 2692 308 2723 71.
336 2682 460 2723 Lupa.]
506 2681 590 2714 This
614 2692 677 2714 can
702 2682 784 2723 only
807 2692 907 2714 mean
934 2681 1032 2723 Lady
1056 2681 1229 2719 Crichton‚
1247 2679 1428 2722 suspected
1451 2680 1489 2711 of
1508 2678 1647 2719 wilfully
1671 2677 1867 2718 destroying
1884 2676 1941 2708 her

1891 871 1944 912 60

1891 1567 1944 1609 70

1889 2242 1943 2282 80

326 2735 402 2768 The
430 2735 667 2778 Frendraught
694 2736 822 2777 family,
848 2736 1014 2774 however,
1044 2735 1220 2776 including
1243 2735 1300 2766 the
1325 2734 1414 2775 lady,
1442 2734 1470 2765 is
1499 2733 1645 2774 thought
1673 2732 1855 2768 innocent;
1890 2731 1940 2762 sor

1018 3012 1072 3045 PP
