2594 3749
586 348 666 400 308

1364 355 1604 388 PARERGA.

968 1033 1073 1074 LII.
1117 1032 1456 1074 ADVERSUS
1493 1030 2007 1074 OMASOMASTIGA.

756 1182 896 1232 Zoile,
921 1182 989 1224 cui
1013 1181 1181 1224 macies
1203 1180 1444 1235 exsanguis
1466 1180 1633 1235 detegit
1657 1195 1773 1231 ossa,

817 1252 985 1292 Foedat
1009 1257 1051 1292 et
1075 1256 1252 1292 arentes
1276 1249 1468 1303 plurima
1492 1263 1601 1304 ruga
1624 1263 1790 1303 genas;

760 1320 945 1374 Pinguis
967 1318 1208 1373 aqualiculi
1232 1319 1396 1360 molem
1421 1333 1498 1360 cur
1520 1318 1728 1360 dentibus
1750 1317 1859 1360 atris

816 1388 1018 1443 Impetis,
1042 1394 1085 1430 et
1109 1395 1252 1429 rostro
1275 1394 1368 1430 tarn
1393 1387 1623 1442 petulante
1647 1387 1783 1429 feris?

763 1457 912 1499 Huius
935 1458 990 1499 ad
1014 1464 1247 1511 aspectum
1271 1471 1350 1498 cur
1371 1470 1532 1498 nasum
1557 1455 1714 1497 sannio
1738 1455 1907 1509 crispas

816 1526 1039 1581 Turpiter,
1064 1533 1106 1567 et
1130 1525 1221 1567 risu
1245 1532 1403 1580 pectus
1425 1525 1558 1567 inane
1582 1524 1766 1579 quatis?

761 1595 807 1637 Si
830 1595 1011 1645 nitidus,
1037 1595 1073 1636 si
1097 1609 1195 1636 sum
1219 1601 1342 1636 totus
1365 1601 1482 1636 teres
1506 1600 1639 1648 atque
1663 1595 1896 1644 rotundus,

819 1664 993 1717 Ecquid
1017 1678 1088 1704 me
1111 1663 1264 1718 digito,
1289 1663 1468 1704 decolor
1489 1663 1661 1712 umbra,
1685 1662 1849 1704 notas?

760 1735 851 1777 Cur
873 1734 908 1775 si
932 1733 1112 1788 pinguis
1134 1748 1289 1787 equus,
1314 1733 1482 1775 nitidus
1504 1732 1714 1775 laudatur
1735 1739 1777 1774 et
1801 1746 1960 1785 agnus,

820 1802 1065 1856 pinguibus
1087 1808 1129 1844 et
1154 1801 1308 1843 nitidis
1331 1815 1419 1842 non
1444 1801 1546 1843 licet
1570 1815 1667 1843 esse
1689 1800 1795 1842 viris
1814 1801 1831 1843 ?

762 1871 954 1913 Fallitur
976 1870 1169 1926 ingluvie
1193 1870 1395 1925 quisquis
1418 1870 1708 1925 pinguescere
1730 1877 1908 1912 ventres

819 1942 1050 1989 Autumat,
1075 1946 1151 1981 aut
1175 1939 1314 1981 nimio
1339 1940 1538 1981 membra
1560 1945 1733 1980 tumere
1756 1953 1893 1980 mero.

763 2011 906 2051 Nemo
928 2009 997 2051 vel
1022 2008 1222 2058 Alciden,
1245 2009 1314 2050 vel
1339 2008 1550 2063 pinguem
1575 2007 1684 2050 dixit
1712 2008 1979 2058 Homerum,

819 2077 1017 2119 Vinosus
1039 2084 1192 2118 tamen
1216 2076 1302 2127 hic,
1327 2076 1400 2117 ille
1420 2076 1605 2130 gulosus
1628 2082 1737 2118 erat.

762 2148 960 2201 Corpora
983 2152 1113 2201 pasta
1137 2146 1271 2187 nimis
1299 2151 1581 2187 macrescunt
1610 2159 1757 2199 saepe,
1782 2159 1864 2186 nec
1887 2144 2050 2186 hausta

822 2216 929 2257 Plus
953 2215 1064 2256 satis
1087 2215 1131 2256 in
1155 2220 1356 2256 ventrem
1381 2228 1579 2256 crescere
1602 2213 1706 2255 vina
1730 2213 1898 2254 sinunt.

764 2284 883 2326 Mole
907 2284 1018 2326 salix
1041 2298 1177 2338 pawa
1200 2290 1281 2334 est,
1304 2283 1490 2325 immani
1515 2297 1717 2337 quercuS,
1743 2288 1787 2324 at
1811 2282 1886 2324 illa

823 2355 1009 2407 Propter
1031 2367 1184 2407 aquas,
1211 2352 1342 2394 siccis
1364 2351 1565 2394 nascitur
1587 2351 1672 2393 ista
1695 2351 1825 2405 iugis.

765 2421 811 2463 Si
835 2436 921 2475 qua
944 2422 1053 2463 fides
1074 2420 1273 2470 medicis,
1298 2435 1428 2474 quem
1453 2420 1515 2462 sic
1539 2420 1791 2462 adolescere
1815 2419 1974 2469 cernis,

823 2489 1065 2544 Sanguinis
1088 2489 1194 2531 aerii
1218 2489 1468 2531 luxuriatur
1490 2503 1588 2543 ope.

767 2558 923 2600 Purior
944 2573 966 2600 e
988 2558 1114 2599 venis
1137 2573 1213 2612 per
1235 2565 1355 2600 totos
1378 2557 1542 2599 diditur
1564 2564 1688 2599 artus

826 2627 1025 2677 Halitus,
1050 2634 1091 2668 et
1116 2627 1233 2669 iusta
1257 2641 1440 2681 corpora
1464 2626 1580 2668 mole
1603 2627 1720 2668 beat.

769 2697 887 2739 Hinc
910 2696 1070 2750 quibus
1092 2702 1323 2738 omentum
1348 2702 1528 2750 superat
1551 2701 1794 2749 venterque
1817 2693 2024 2748 iecurque

823 2763 1056 2813 Tenditur,
1080 2762 1308 2817 ingenium
1333 2761 1486 2804 mitius
1509 2776 1606 2803 esse
1628 2761 1766 2803 vides.

770 2832 843 2874 Nil
868 2833 977 2873 bove
1000 2830 1276 2886 praepingui,
1301 2830 1362 2872 nil
1386 2836 1452 2872 est
1477 2829 1757 2872 mansuetius
1780 2843 1911 2884 agno,

1032 2977 1062 3008 3.
1090 2967 1232 3009 Pinguis
1249 2966 1460 3008 aqualiculi]
1506 2966 1607 2998 From
1627 2965 1773 3003 Persius,
1793 2965 1817 2998 1.
1839 2974 1890 3006 57.

2343 1812 2395 1842 10
