2594 3749
6 2039 11 2049 ψ
9 1976 10 1980 Α
2 1696 12 1948 ῆν-»η-Αω-«μ-

261 2870 334 2901 397.
361 2858 537 2891 Classibus
563 2883 569 2891 .
598 2882 605 2890 .

735 342 912 374 SATIRE
943 340 1011 374 ΟΝ
1047 340 1310 373 EGLISHEM.

294 463 431 512 Adde,
457 461 572 516 quod
595 460 705 502 haec
728 466 882 514 putres
904 458 1019 500 inter
1041 471 1151 512 gens
1172 463 1280 499 nata
1303 456 1501 511 paludes,

353 532 550 585 Corpora
573 529 694 571 mille
718 527 861 570 modis
884 526 1096 581 languida
1119 539 1295 579 semper
1318 525 1468 566 habet,

298 601 424 642 Haec
447 599 520 641 ubi
543 598 687 647 dicta;
722 611 826 639 suas
849 611 895 638 se
918 594 1067 637 condit
1093 594 1306 649 Nympha
1329 594 1410 634 sub
1434 593 1602 634 undas:

355 668 581 710 Aeolidem
606 681 708 721 spes
730 665 833 707 hinc
856 664 1076 713 distrahit,
1099 663 1201 704 inde
1224 669 1385 703 metus.

298 737 429 779 Victa
451 736 525 778 ubi
549 736 692 791 prima
714 742 836 776 metu
859 748 961 788 spes
983 740 1077 782 est;
1112 746 1190 786 per
1211 745 1352 785 opaca
1375 731 1588 778 locorum,

355 808 454 862 Quo
477 804 612 847 maris
635 804 826 846 invitant
849 815 1093 850 murmura,
1118 799 1259 855 carpit
1283 798 1378 840 iter.

300 877 434 917 Forte
457 874 565 917 ratis
588 873 711 915 iuxta
732 872 879 915 ventis
901 873 1006 914 dare
1028 871 1127 912 vela
1150 870 1338 925 parabat
1357 884 1365 917 ;

358 946 560 998 Occupat
584 943 699 985 hanc
724 944 931 990 Brontes,
956 948 1003 982 ut
1028 940 1124 982 loca
1147 939 1270 980 iussa
1292 945 1430 993 petat.

300 1013 454 1056 Tertia
476 1014 551 1055 lux
573 1014 741 1061 aderat,
765 1010 985 1066 Zephyris
1008 1024 1109 1052 cum
1133 1008 1308 1051 concita
1330 1006 1492 1062 puppis

358 1082 519 1138 Attigit
542 1081 685 1138 optati
708 1081 860 1123 littora
882 1095 1017 1122 curva
1041 1079 1138 1121 soli.

303 1152 412 1208 Quis
434 1152 606 1194 cladem
629 1150 759 1193 istius
781 1149 941 1204 gentis,
966 1148 1065 1203 quis
1087 1148 1243 1190 funera
1265 1146 1398 1189 fando

362 1220 598 1276 Explicet?
632 1220 841 1261 horresco
863 1225 929 1260 tot
953 1216 1211 1259 meminisse
1234 1230 1379 1258 neceS.

302 1289 535 1333 Classibus
557 1289 640 1331 hoc
663 1288 767 1330 olim
791 1294 945 1343 raptor
967 1301 1089 1328 mare
1111 1285 1221 1328 texit
1246 1286 1418 1332 Iberus,

363 1361 423 1402 Et
445 1359 560 1402 ferro
582 1367 624 1401 et
648 1357 843 1400 flammis
865 1357 995 1399 obvia
1018 1370 1221 1411 quaeque
1244 1362 1432 1396 metens.

307 1429 412 1471 Plus
434 1436 586 1470 tamen
609 1435 676 1470 est
700 1426 858 1469 medici
881 1425 1026 1469 rabies
1049 1424 1277 1473 nocitura;
1312 1422 1481 1465 cruoris

362 1498 572 1541 Aeolidae
595 1512 746 1540 secum
770 1497 871 1552 plus
893 1495 1012 1538 vehit
1037 1509 1125 1537 una
1148 1493 1271 1536 ratis.

306 1567 391 1609 Vix
413 1569 525 1610 bene
546 1566 792 1609 Tartareus
814 1572 946 1620 portu
968 1565 1229 1606 consederat
1252 1563 1430 1617 hospes,

367 1638 578 1692 Improba
600 1651 702 1679 cum
724 1634 845 1690 vulgi
867 1635 989 1676 fama
1012 1648 1089 1689 per
1110 1647 1187 1675 ora
1209 1632 1346 1674 volat.

307 1705 552 1748 Advenisse
574 1704 655 1747 viri
677 1704 817 1746 fertur
839 1704 921 1745 sub
944 1701 1138 1757 imagine
1164 1701 1386 1749 Phoebus,

368 1775 450 1818 Cui
476 1776 681 1817 Panacea
703 1773 822 1815 latus
845 1771 994 1827 stipet,
1019 1778 1063 1813 et
1086 1770 1182 1825 ipsa
1205 1770 1341 1812 salus.

310 1844 505 1889 Confluit
529 1858 763 1899 aegrorum
787 1843 943 1891 nubes,
968 1848 1016 1883 ut
1039 1855 1166 1883 cerea
1188 1839 1353 1882 circum

368 1914 510 1957 Tecta
527 1914 688 1963 solent,
712 1920 868 1967 pastae
891 1925 993 1954 cum
1017 1911 1326 1965 glomerantur
1348 1923 1468 1963 apes.

313 1982 462 2026 Poscit
485 1997 614 2038 opem
639 1982 838 2037 suppleX‚
862 1979 1038 2022 venturi
1062 1978 1212 2021 nescia
1234 1977 1314 2020 fati

369 2053 536 2103 Turba,
561 2066 688 2094 suam
712 2050 823 2093 nulli
845 2052 1036 2105 denegat
1059 2049 1223 2104 hospes
1245 2061 1390 2102 opem.

314 2124 419 2164 Mox
442 2121 623 2178 Stygias
647 2120 782 2163 Erebi
805 2120 952 2175 proles
974 2133 1062 2161 non
1085 2120 1277 2173 degener
1298 2125 1417 2159 artes

372 2191 594 2247 Explicat,
619 2198 756 2245 utque
778 2190 869 2232 sero
892 2189 1066 2231 cinctus
1089 2189 1145 2230 ab
1168 2188 1297 2229 hoste
1319 2186 1438 2228 furit.

313 2263 586 2304 Sternuntur
608 2275 709 2303 cum
733 2267 877 2302 matre
901 2261 1039 2314 Gyas,
1066 2259 1311 2312 Butesque,
1339 2257 1602 2311 Myopsque,

374 2332 433 2373 Et
458 2329 675 2380 Schlicus,
700 2336 742 2372 et
767 2328 914 2371 senior
937 2327 1149 2376 Smidius,
1175 2334 1309 2381 atque
1335 2325 1475 2368 Picer.

318 2402 699 2455 Hermannusque
722 2406 849 2455 pater
866 2413 967 2441 cum
992 2397 1195 2451 coniuge,
1222 2395 1531 2448 Ioniadesque‚

375 2471 434 2512 Et
457 2469 543 2512 tria
567 2467 859 2511 Brichmanni
883 2467 1083 2522 pignora,
1110 2465 1341 2521 Knipsque
1364 2477 1513 2506 senex.

318 2540 413 2581 Nec
435 2545 513 2580 tua
535 2545 579 2580 te
601 2537 745 2592 pietas
768 2543 914 2579 servat
938 2535 1179 2577 lectissime
1204 2532 1388 2588 Snappi,

377 2609 471 2650 Nec
494 2608 695 2650 Crufium
719 2607 866 2655 robur,
891 2620 972 2647 nec
995 2619 1076 2646 sua
1098 2605 1241 2646 forma
1266 2602 1447 2657 Nipam.

320 2677 480 2720 Matris
502 2677 546 2719 in
570 2677 792 2732 amplexu,
817 2682 998 2730 sumpto
1025 2672 1334 2722 medicamine,
1362 2671 1550 2713 Knollus

376 2745 560 2789 Viscera
582 2745 755 2795 deiecit,
780 2743 1012 2800 sanguinis
1037 2743 1126 2786 Ufa
1148 2742 1318 2798 globos.

634 2882 642 2890 .
670 2857 815 2898 Iberus]
859 2856 1016 2888 Allusion
1033 2862 1070 2887 to
1086 2855 1144 2886 the
1163 2853 1277 2885 Dutch
1294 2862 1382 2884 wars
1399 2852 1439 2884 of
1453 2851 1563 2892 Philip
1581 2851 1626 2883 11.
1646 2850 1686 2881 of
1698 2849 1814 2891 Spain.

262 2925 334 2956 414.
362 2914 538 2955 Knipsque
555 2913 687 2953 senex.]
733 2912 827 2943 Most
843 2912 883 2943 of
893 2911 990 2943 these
1008 2920 1138 2947 names,
1157 2908 1347 2949 indicating
1367 2907 1424 2939 the
1446 2906 1584 2948 quack's
1604 2905 1749 2940 victims.
1768 2914 1824 2935 are
1843 2903 1957 2934 Dutch

149 2979 266 3001 names
281 2968 465 3010 disguised.

1875 341 1928 382 45

1851 809 1933 850 390

1861 1502 1944 1544 400

1868 2195 1952 2236 410
