2594 3749
672 307 726 346 80

795 2532 845 2562 32.

794 2587 845 2617 41.

795 2642 846 2672 42.

795 2697 844 2728 47-

796 2751 847 2781 50.

681 2796 840 2827 assumed
864 2806 907 2827 on
931 2797 988 2827 the
1015 2796 1156 2838 English
1183 2796 1291 2827 shield
1319 2796 1412 2827 since
1439 2794 1584 2826 Edward
1614 2795 1678 2826 111.

1454 308 1694 340 PARERGA.

844 430 995 472 Tensa
1018 428 1102 471 levi
1125 427 1299 483 quoties
1321 427 1558 469 sinuantur
1579 428 1766 469 carbasa
1787 431 1935 475 vento,

903 497 1136 553 Naufragii
1160 503 1306 539 metus
1329 503 1422 545 est;
1457 495 1492 538 si
1516 495 1614 538 silet
1642 509 1765 545 aura,
1790 508 1954 536 morae.

846 570 904 611 Et
928 568 1065 611 Canis
1088 568 1188 622 igne
1211 567 1377 616 furens,
1401 572 1442 607 et
1466 564 1576 608 caeli
1598 564 1750 607 nubila
1776 570 1957 613 terrent,

868 671 872 675 .
904 639 962 679 Et
986 637 1136 688 maris,
1160 643 1203 679 et
1225 635 1384 691 longae
1406 634 1554 677 taedia
1577 635 1729 677 crebra
1751 633 1864 675 viae.

845 707 993 750 Pallor
1014 707 1163 757 habet,
1189 705 1363 760 quoties
1386 704 1429 746 in
1451 719 1531 746 vos
1557 703 1736 746 duxisse
1764 702 2015 758 phalangas

903 775 1078 818 Dicitur
1099 774 1297 816 Ausonio
1321 775 1403 816 sub
1425 774 1536 815 duee
1560 787 1720 815 saevus
1745 772 1860 814 Iber.

848 845 970 886 Mille
993 851 1139 886 metus
1162 857 1351 892 causae3
1386 848 1588 896 superest
1611 856 1714 896 spes
1737 855 1826 882 una
1848 839 2032 889 salutis;

906 914 989 955 Pro
1015 914 1118 954 Iove
1142 912 1413 962 bellandum,
1437 912 1524 952 dux
1547 910 1628 952 erit
1651 909 1722 951 ille
1744 909 1856 951 viae.

846 984 937 1025 Vos
961 989 1193 1038 properate
1216 983 1371 1030 modo3
1408 980 1592 1022 Nicrum
1616 979 1704 1022 iam
1728 978 1924 1034 possidet
1947 977 2115 1020 hostis:

904 1051 1018 1094 Tam
1042 1050 1186 1092 vicina
1210 1049 1361 1103 nequit
1383 1050 1493 1091 ferre
1516 1048 1644 1090 ruina
1666 1062 1829 1090 moras.

849 1122 1067 1175 Pergama
1089 1119 1193 1174 quid
1216 1118 1340 1169 iuvit,
1365 1132 1602 1159 numeroso
1625 1116 1780 1167 milite,
1804 1117 1961 1158 ductor

905 1189 1128 1231 Auxilium
1152 1188 1224 1242 qui
1248 1195 1347 1242 post
1373 1188 1592 1241 Pergama
1615 1192 1748 1241 capta
1769 1185 1904 1228 tulit?

849 1259 1039 1314 Expedit
1062 1258 1288 1300 incassum
1312 1256 1541 1312 trepidans
1562 1255 1784 1298 venabula
1807 1261 1974 1310 pastor,

907 1329 1077 1370 Praeda
1099 1327 1201 1369 feris
1225 1333 1463 1381 postquam
1487 1324 1622 1367 cessit
1645 1324 1758 1367 ovile
1779 1324 1912 1379 lupis.

849 1397 935 1438 Sed
958 1395 1061 1450 quid
1085 1395 1201 1449 ago?
1236 1393 1442 1436 stimulos
1465 1408 1543 1435 cur
1565 1392 1703 1435 stulta
1726 1392 1958 1436 ruentibus
1984 1393 2112 1443 addo,

906 1466 996 1508 Cur
1018 1463 1192 1518 aquilae
1216 1478 1400 1518 pennas,
1425 1462 1734 1516 Aeacidaeque
1757 1463 1924 1516 pedes?

848 1535 940 1575 Vos
963 1548 1103 1587 genus
1126 1540 1168 1574 et
1191 1532 1332 1574 virtus
1354 1532 1489 1574 heroo
1512 1531 1729 1586 sanguine
1752 1530 1894 1573 maior

909 1602 1087 1653 Incitat,
1112 1609 1154 1644 et
1177 1602 1322 1644 laudis
1343 1601 1570 1643 luxuriosa
1592 1615 1735 1655 seges.

851 1674 952 1714 Non
975 1673 1084 1714 haec
1110 1671 1355 1713 Phasiacas
1377 1677 1578 1713 armatur
1603 1669 1760 1712 classis
1783 1669 1827 1711 in
1845 1684 1960 1720 oras,

910 1743 972 1784 Ut
996 1756 1122 1784 sacra
1148 1742 1376 1796 Phryxeae
1397 1740 1560 1782 vellera
1582 1746 1727 1795 raptet
1749 1739 1858 1782 ovis.

851 1812 945 1853 Nec
969 1811 1134 1866 petitur
1154 1818 1332 1853 vastum
1356 1809 1498 1865 pellex
1519 1809 1706 1864 fugitiva
1728 1824 1805 1864 per
1826 1824 2004 1864 aequor,

908 1880 994 1936 Qui
1017 1880 1136 1921 furor
1157 1879 1346 1933 Argivae
1369 1878 1615 1921 nobilitatis
1638 1885 1748 1920 erat.

852 1950 945 1990 Nec
969 1949 1113 1990 socios
1137 1955 1291 1990 contra
1315 1947 1596 2002 stringuntur
1617 1946 1707 1989 tela
1732 1946 1989 1997 Britannos,

908 2020 996 2060 Aut
1019 2017 1208 2072 geminis
1231 2017 1399 2072 pridem
1423 2016 1514 2058 lilia
1541 2016 1693 2059 iuncta
1719 2016 1845 2058 rosis.

850 2090 986 2129 Arma
1008 2087 1118 2141 regit
1143 2087 1300 2141 pietas.
1366 2086 1485 2128 Huic
1507 2101 1586 2128 vos
1608 2086 1866 2128 incumbitis
1889 2086 1980 2137 uni,

911 2157 978 2197 Ne
1001 2155 1165 2210 rapidis
1189 2155 1342 2197 insons
1365 2156 1528 2209 praeda
1552 2155 1608 2196 sit
1631 2169 1747 2209 agna
1769 2154 1900 2209 lupis.

853 2224 1077 2266 Extremis
1101 2239 1212 2278 quae
1236 2225 1367 2266 rebus
1389 2238 1517 2278 opem
1540 2224 1638 2273 fert,
1662 2223 1782 2278 regia
1803 2224 1944 2265 virtus

911 2294 1129 2344 Creditur,
1154 2302 1196 2335 et
1220 2293 1370 2348 magni
1394 2294 1575 2335 numine
1598 2293 1732 2348 digna
1756 2293 1890 2335 Iovis.

854 2365 974 2405 Dum
997 2370 1139 2414 tonat,
1164 2370 1206 2405 et
1225 2361 1347 2405 caelo
1370 2362 1630 2404 minitantes
1652 2362 1836 2404 fulmine
1857 2369 2002 2404 turres

873 2523 1055 2562 Ausonio.]
1102 2521 1268 2562 Probably
1284 2522 1341 2553 the
1357 2521 1488 2552 Italian
1506 2521 1654 2562 general,
1675 2521 1826 2563 Spinola.

2420 645 2474 685 30

2422 1336 2475 1376 40

2426 2029 2479 2070 50

875 2577 1064 2616 Stimulos]
1119 2576 1171 2608 To
1188 2582 1247 2617 put
1264 2587 1362 2618 spurs
1379 2576 1412 2606 in
1429 2576 1486 2607 the
1502 2576 1632 2617 willing
1648 2575 1754 2607 steed.
1803 2575 1955 2617 Original
1973 2575 2001 2607 is
2025 2575 2058 2606 in
2078 2576 2194 2615 Hom.,
2213 2575 2271 2614 Il..
2287 2576 2386 2606 VIII.
2405 2585 2477 2616 293.

875 2632 1044 2663 Aeacidae
1062 2631 1191 2672 pedes]
1237 2631 1312 2663 The
1330 2634 1352 2648 “
1368 2631 1619 2662 swift-footed‘'
1638 2631 1798 2663 Achilles.

877 2687 1000 2719 Pellex.
1008 2688 1020 2727 ]
1067 2687 1176 2718 Helen
1194 2687 1234 2717 of
1246 2687 1348 2727 Troy.

877 2741 991 2782 Lilia.]
1036 2742 1065 2772 A
1091 2751 1259 2782 synonym
1284 2741 1334 2772 for
1361 2740 1518 2782 England
1545 2741 1584 2772 os
1605 2740 1664 2772 the
1693 2740 1837 2772 Tudors.
1889 2740 1963 2772 The
1987 2740 2074 2771 lilies
2093 2740 2132 2771 of
2153 2741 2281 2772 France
2305 2739 2372 2772 had
2395 2740 2480 2772 been

1735 2794 1810 2826 The
1838 2795 1944 2827 Roses
1972 2805 2060 2826 were
2088 2794 2204 2826 united
2227 2795 2260 2826 in
2289 2796 2382 2835 1485,
2408 2795 2478 2835 but,

681 2850 813 2891 though
837 2853 922 2881 attae
921 2850 993 2881 hed
1018 2860 1054 2882 as
1071 2850 1210 2892 badges,
1227 2851 1270 2882 do
1287 2856 1347 2882 not
1371 2850 1475 2892 figure
1500 2860 1537 2881 as
1561 2849 1775 2890 “bearings
1781 2851 1787 2862 '
1814 2849 1846 2880 in
1871 2849 1929 2881 the
1952 2852 2104 2889 quarters
2127 2849 2166 2880 os
2181 2849 2239 2880 the
2258 2849 2315 2881 old
2338 2849 2480 2891 English

681 2905 800 2936 shield.
