2594 3749
364 345 428 378 TO
458 345 793 377 CHANCELLOR
827 345 929 376 HAY
960 346 1181 377 AGAINST
1215 346 1537 380 MISCREANTS.
1773 352 1854 394 237

228 464 355 505 Exue
378 477 448 504 me
469 462 609 504 ferro:
642 468 769 517 turpe
792 469 859 504 est
883 477 1081 517 pugnare
1104 469 1298 517 poetam,

284 531 432 586 Turpe
456 531 590 573 nimis
614 530 759 586 posita
783 546 960 573 sumere
981 531 1072 573 tela
1095 531 1237 587 chely.

227 602 363 642 Arma
385 598 528 642 virfim
553 600 714 643 Clariis
735 600 803 642 fas
825 607 891 642 est
916 607 1098 642 cantare
1122 600 1296 655 puellis,

287 672 405 712 Grex
426 676 578 712 tamen
602 669 673 712 hic
697 684 888 720 mecum,
913 684 1025 724 quae
1048 670 1182 720 canit,
1207 684 1331 712 arma
1353 671 1496 713 timet.

231 740 348 789 Heu,
373 738 548 794 quoties
571 738 753 780 memini
777 745 1032 780 transactae
1055 745 1258 793 tempora
1280 739 1413 789 vitae,

288 809 487 862 Ingemo,
512 822 592 850 nec
616 807 734 850 fictis
756 822 833 850 ora
855 807 1059 862 rigantur
1081 808 1222 863 aquiS.

230 878 332 920 Sole
355 878 436 919 sub
459 878 612 931 ignoto
634 877 721 919 vixi
744 884 812 919 ter
835 877 1056 920 messibus
1079 884 1194 928 octo,

287 948 346 988 Et
370 946 527 988 melior
547 946 666 988 vitae
689 961 791 1002 pars
817 946 898 988 fuit
925 946 1002 989 illa
1025 961 1167 989 meae.

231 1017 322 1058 Sub
348 1017 452 1057 Iove
475 1030 658 1058 securus
681 1017 919 1058 cantabam
945 1015 1164 1071 Phyllidis
1186 1015 1327 1071 ignes,

289 1086 362 1135 Et,
388 1084 547 1139 quibus
570 1085 734 1127 incalui
758 1099 845 1126 non
870 1086 1005 1127 semel
1030 1085 1138 1140 ipse,
1161 1085 1296 1127 faces.
1779 1099 1858 1127 100

229 1153 357 1196 Tunc
382 1154 729 1204 Saravictonias,
753 1161 796 1196 et
820 1169 932 1210 quas
954 1154 1143 1197 Biomea
1166 1155 1369 1209 querelas

288 1224 437 1274 Fudit,
461 1230 503 1265 et
527 1224 741 1266 Aeoliden
765 1224 924 1274 dicere,
949 1224 1072 1266 lusus
1095 1231 1205 1266 erat.

231 1294 389 1348 Saepe,
414 1299 535 1334 metu
558 1293 718 1347 posito,
742 1308 975 1335 nemorum
999 1300 1171 1335 secreta
1194 1307 1428 1348 pererrans

0 1305 7 1441 ἱ
287 1363 520 1405 Vellebam
545 1362 718 1404 medica
740 1362 944 1417 gramina
967 1370 1073 1404 nota
1097 1377 1248 1404 manu.

230 1431 317 1472 His
339 1446 434 1486 ego,
458 1446 539 1474 nec
560 1432 740 1482 frustra,
764 1433 958 1474 conabar
979 1432 1141 1486 pellere
1166 1432 1368 1473 morbos:

287 1501 430 1555 Saepe
453 1516 599 1543 meam
623 1501 757 1542 tellus
780 1501 960 1555 hospita
983 1501 1122 1543 sensit
1146 1516 1291 1555 opem.

229 1570 346 1612 Tum
370 1571 479 1612 mihi
503 1585 585 1613 nec
608 1570 752 1626 clipei,
778 1585 858 1614 nec
881 1571 1053 1613 ahenae
1077 1571 1263 1613 cassidis
1287 1586 1409 1621 usus,

288 1641 382 1683 Nec
405 1640 536 1682 iaculi
560 1640 751 1690 hostilis,
776 1654 855 1682 nec
879 1648 1027 1682 metus
1049 1640 1194 1682 hostis
1216 1647 1325 1681 erat.

231 1710 399 1760 Redde,
423 1710 540 1764 quod
563 1709 709 1759 amisi,
733 1709 802 1751 fac
831 1709 1040 1752 mollibus
1067 1709 1158 1751 otia
1183 1709 1341 1759 Musis,

289 1780 348 1820 Et
371 1778 520 1821 reduci
544 1778 687 1833 patria
710 1780 765 1821 da
789 1778 883 1820 sine
909 1779 1054 1820 Marte
1076 1778 1170 1820 frui.
1782 1790 1860 1818 110

231 1848 314 1890 Est
337 1848 520 1903 aliquid,
544 1855 693 1890 vatem
718 1847 800 1890 sibi
824 1848 1087 1897 devinxisse,
1111 1847 1317 1890 Britanni

289 1917 396 1959 Plus
418 1924 570 1959 tamen
594 1924 660 1959 est
685 1917 903 1959 famulum
927 1917 1200 1959 demeruisse
1224 1917 1357 1958 Iovis.

229 1986 421 2040 Adspice
444 1986 654 2028 canitiem
673 2002 682 2028 ε
717 1986 833 2028 bello
857 1986 1006 2028 minus
1029 1993 1134 2040 apta
1156 1987 1364 2041 gerendo,

289 2055 460 2097 Donari
483 2054 643 2096 meruit
666 2061 820 2097 nostra
844 2061 1025 2097 senecta
1047 2056 1169 2097 rude.

231 2126 345 2167 Sunt
368 2124 493 2174 mihi,
517 2139 630 2178 quae
653 2124 826 2166 senium
851 2124 996 2179 magis
1018 2131 1191 2174 ornent,
1218 2123 1410 2166 Paeonis
1433 2131 1562 2171 artes,

289 2194 375 2236 Sed
398 2194 517 2235 serus
540 2193 655 2236 hanc
678 2194 854 2248 populis
881 2193 1046 2236 invidet
1070 2193 1212 2235 hostis
1234 2207 1380 2248 opem.

233 2263 315 2304 Per
337 2277 626 2317 quascunque
648 2263 777 2313 feror,
801 2277 919 2305 nunc
946 2262 1300 2318 ignipotentibus
1323 2262 1459 2304 armis

291 2332 514 2386 Undique,
538 2347 658 2375 nunc
681 2332 838 2374 iaculis
861 2333 1034 2375 obsidet
1058 2332 1132 2374 ille
1155 2332 1264 2375 vias.

230 2403 375 2443 Audet
398 2401 443 2443 in
466 2403 634 2444 Actaea
657 2401 865 2456 quicquid
888 2402 1047 2444 tellure
1072 2403 1346 2451 Procrustes,

289 2470 510 2526 Quicquid
532 2470 576 2512 in
603 2470 849 2514 Isthmiaca
876 2478 977 2513 trux
1000 2471 1120 2513 Sinis
1144 2486 1281 2513 ausus
1304 2471 1440 2512 humo
1463 2476 1546 2512 est.
1782 2481 1862 2509 120

233 2541 328 2582 Nec
351 2554 479 2582 secus
502 2540 750 2595 Autolycus
777 2540 916 2582 sacris
938 2546 1171 2594 grassatus
1194 2539 1237 2581 in
1261 2539 1402 2581 antris

289 2610 463 2659 Fertur,
487 2609 531 2650 in
554 2609 736 2651 Actaeis
759 2625 858 2651 cum
882 2610 985 2651 tulit
1010 2624 1134 2651 arma
1156 2609 1285 2664 iugis.

194 2749 246 2779 93.
272 2739 394 2772 Clariis
411 2739 562 2782 puellis.]
607 2740 682 2771 The
700 2741 829 2773 Muses.

194 2804 246 2835 97.
273 2794 353 2826 Sole
370 2794 431 2826 sub
448 2794 597 2836 ignoto.]
642 2794 717 2826 The
734 2801 823 2826 most
839 2794 979 2827 distinct
997 2800 1180 2826 statement
1197 2804 1235 2826 as
1248 2799 1283 2825 to
1297 2793 1353 2825 the
1368 2795 1476 2835 poet's
1487 2792 1698 2824 continental
1712 2791 1862 2833 sojourn.

178 2858 249 2880 101.
275 2848 450 2881 Saravicto
467 2847 657 2893 Biomeae]
706 2849 785 2891 (See
804 2850 870 2881 No.
887 2849 964 2890 VI.)

177 2912 248 2934 102.
272 2902 477 2944 Aeolidem]
521 2902 588 2942 i.e.‚
609 2903 662 2934 his
678 2903 744 2940 foe,
763 2903 953 2945 Eglishem.
1001 2903 1079 2945 (See
1096 2903 1267 2941 Aeolides,
1283 2913 1320 2934 as
1333 2912 1353 2934 a
1366 2902 1546 2935 nickname
1563 2907 1598 2933 to
1611 2900 1680 2933 him
1695 2901 1727 2933 in
1741 2904 1759 2918 ‘⁵
1773 2901 1863 2934 Ono-

65 2957 188 2999 pordus
206 2959 373 2998 Furens,”
391 2959 474 2990 Nos.
494 2959 553 2991 IV.
573 2958 641 2990 and
657 2959 711 2998 V.,
732 2959 753 2992 1.
775 2969 847 2999 103,
865 2958 947 3002 etc.)
