2594 3749
739 331 914 364 SATIRE
946 331 1013 363 ΟΝ
1049 331 1225 363 EGLISH
1233 331 1311 362 EM.

292 451 365 494 Sic
388 466 470 506 ego
493 451 710 493 baubatos
737 449 934 497 Bardos;
969 447 1013 489 in
1040 462 1148 502 rupe
1174 455 1345 489 remota

344 519 417 563 Sic
440 534 521 574 ego
545 518 811 561 bacchatum
834 524 878 559 te
901 531 1076 571 quoque
1102 516 1279 558 Bacche
1306 522 1473 570 putem.

288 589 371 630 Est
394 595 546 630 tamen
569 586 773 629 Aeolides
797 599 1001 640 magnuS‚
1026 599 1072 627 se
1095 584 1255 634 iudice,
1279 592 1419 633 vates,

348 656 499 698 Iudice
522 670 569 698 se
592 661 743 697 cantat
767 653 968 697 earmina
991 653 1125 708 digna
1148 654 1292 703 cedro,

290 727 384 767 Nec
407 732 613 767 cantasse
637 730 706 765 sat
729 731 795 765 est
814 739 822 772 3
857 723 1038 765 chartas
1060 723 1181 764 frons
1204 721 1335 763 illinit
1361 722 1537 771 effrons,

346 794 483 850 Queis
505 793 577 835 vix
599 793 806 847 dignetur
828 806 1008 847 pascere
1033 791 1176 833 blatta
1198 791 1378 832 famem.

288 864 506 919 Quodque
529 861 673 916 magis
696 868 892 916 stupeas,
917 860 1117 902 inscribit
1140 859 1321 901 nomina
1347 861 1520 913 Regum

347 932 556 981 Verbero,
580 945 771 984 cumque
795 945 875 972 suo
897 930 990 972 vult
1016 928 1147 971 simul
1172 929 1247 970 illa
1270 928 1370 982 legi.

289 999 362 1043 Sic
389 1001 583 1042 Sarrana
606 998 736 1040 olidis
759 998 972 1040 miscetur
993 1012 1187 1052 purpura
1210 997 1384 1052 pannis,

347 1068 419 1110 Sic
443 1068 555 1110 iacet
580 1067 624 1109 in
647 1067 722 1109 vili
746 1081 924 1121 gemma
948 1066 1122 1121 sepulta
1146 1066 1254 1107 luto.

290 1139 346 1180 Se
370 1145 521 1179 tamen
546 1144 593 1179 ut
617 1143 793 1191 satagat
815 1137 982 1177 formas
1005 1135 1263 1177 medicellus
1286 1134 1329 1175 in
1353 1148 1508 1176 omnes

344 1207 542 1255 Vertere,
569 1219 745 1260 semper
765 1205 894 1259 inops
917 1203 1054 1246 esurit
1079 1210 1213 1257 atque
1237 1202 1344 1244 sitit.

289 1274 374 1316 His
397 1276 577 1316 tandem
602 1273 796 1316 stimulis
818 1274 938 1315 furor
959 1272 1170 1322 irritatus,
1196 1272 1394 1314 habenas

347 1343 544 1392 Excutit,
569 1349 612 1384 et
636 1357 849 1397 praeceps
871 1341 915 1382 in
939 1341 1085 1383 scelus
1107 1355 1238 1382 omne
1261 1339 1362 1382 ruit.

289 1413 410 1454 Dum
435 1411 587 1466 nequit
611 1411 654 1452 in
677 1411 815 1461 vivos,
841 1410 986 1453 rabies
1008 1410 1126 1452 mala
1150 1409 1289 1451 saevit
1313 1409 1356 1450 in
1381 1410 1574 1458 umbras,

346 1481 404 1522 Et
428 1480 563 1522 violat
588 1479 772 1529 cineres,
797 1479 840 1520 in
865 1493 991 1521 sacra
1014 1479 1145 1521 busta
1166 1478 1331 1520 furens.

286 1549 416 1592 Vatis
442 1548 717 1605 Hyperborei
742 1548 1008 1591 medicaster
1029 1549 1180 1590 rodere
1203 1562 1358 1589 manes

344 1620 504 1668 Audet,
530 1625 572 1660 et
596 1617 640 1659 in
664 1617 850 1660 comites
873 1616 1089 1671 stringere
1111 1617 1201 1658 tela
1226 1618 1361 1658 Deas.

288 1689 371 1730 Per
392 1687 530 1742 patris
553 1702 643 1738 ora,
668 1687 736 1729 sui
761 1701 892 1729 sexus
915 1686 1112 1736 infamia,
1138 1687 1361 1740 quondam

345 1759 428 1807 Ire,
454 1759 530 1799 sed
554 1756 730 1806 invitos,
756 1763 862 1798 nata
880 1755 1023 1810 coegit
1046 1770 1198 1810 equos.

287 1824 388 1874 Hic,
414 1826 559 1867 scelus
582 1824 797 1867 invisum!
834 1824 955 1866 nullo
978 1823 1234 1878 instigante,
1259 1829 1490 1878 parentem

344 1894 575 1935 Musarum
599 1893 785 1948 pedibus
807 1893 950 1935 calcat
975 1893 1139 1935 asellus
1162 1907 1316 1934 ovans.

282 1962 353 2004 Tu
376 1977 551 2017 quoque
574 1977 686 2017 quae
711 1962 889 2004 Latiam
913 1962 1076 2012 fodisti,
1104 1962 1275 2011 Fulvia,
1300 1961 1514 2017 linguam,

344 2033 408 2073 Es
431 2046 560 2086 mage
583 2039 689 2074 nota
712 2031 907 2086 quidem,
934 2032 1011 2073 sed
1035 2031 1251 2073 scelerata
1275 2030 1437 2072 minus.

286 2101 431 2142 Roma
454 2107 627 2155 patrem
652 2100 823 2155 patriae
847 2100 1107 2143 Ciceronem
1133 2099 1267 2149 dixit;
1302 2107 1346 2141 at
1371 2100 1495 2141 illum

344 2171 444 2212 Iure
467 2177 637 2224 patrem
661 2169 832 2224 patriae
855 2176 1083 2224 nuncupat
1108 2169 1202 2224 ipse
1226 2177 1364 2224 pater.

287 2238 382 2280 Nec
406 2238 514 2280 satis
536 2245 603 2280 est
627 2238 790 2281 dixisse
814 2238 984 2280 umbris
1006 2237 1226 2288 convitia;
1260 2237 1350 2280 vati

343 2308 561 2362 Ereptum
585 2309 769 2349 demens
792 2307 938 2362 pulsat
962 2307 1126 2349 asellus
1149 2308 1270 2349 ebur.

285 2375 397 2418 Tres
421 2376 589 2426 Gallos,
614 2391 833 2431 senosque
859 2376 998 2419 Italos
1020 2376 1090 2419 hic
1112 2376 1278 2419 vicerat
1303 2391 1442 2424 unus;

344 2445 494 2488 Iudice
517 2460 564 2488 se
588 2445 771 2501 Stygius
793 2445 897 2488 vicit
920 2445 1079 2501 Apollo
1101 2447 1269 2488 decern.

224 2618 297 2649 532.
324 2609 475 2641 Comites
500 2633 507 2640 .
533 2633 541 2641 .
568 2633 575 2641 .
602 2610 721 2651 Deas.]
766 2610 841 2642 The
861 2611 990 2642 Muses.

224 2673 298 2704 533.
324 2665 386 2695 Per
403 2664 508 2705 patris
524 2665 611 2704 ora.]
656 2664 770 2696 Tullia
786 2665 819 2695 in
838 2665 896 2696 the
913 2671 1007 2706 story
1024 2665 1064 2696 of
1077 2665 1172 2706 Livy,
1195 2665 1219 2695 Ι.
1238 2666 1288 2705 48.

999 2995 1027 3024 G

1871 332 1925 375 49

1842 803 1923 843 520

1840 1490 1922 1531 530

224 2728 297 2759 537.
324 2719 458 2750 Latiam
476 2718 657 2760 linguam.]
702 2719 750 2750 Of
762 2719 819 2751 the
837 2719 1006 2761 indignity
1019 2725 1055 2751 to
1068 2720 1126 2751 the
1139 2726 1267 2761 tongue
1279 2720 1318 2750 of
1329 2720 1386 2750 the
1404 2719 1490 2750 dead
1508 2719 1637 2755 Cicero,
1653 2729 1689 2750 as
1704 2721 1915 2760 perpetrated

112 2770 155 2812 by
179 2772 310 2804 Fulvia.

223 2836 296 2866 539.
323 2827 367 2857 At
384 2826 509 2868 illum.]
554 2826 623 2865 i.e.,
643 2827 845 2859 Buchanan.

224 2891 298 2921 540.
325 2881 403 2923 Ipse
420 2883 544 2923 pater.]
590 2881 682 2923 King
698 2883 813 2923 James
829 2883 890 2913 VI.
908 2884 943 2914 of
961 2882 1126 2915 Scotland
1143 2883 1210 2915 and
1228 2884 1253 2914 Ι.
1272 2883 1311 2915 of
1324 2883 1492 2924 England.

226 2945 299 2975 542.
327 2936 446 2976 Ebur.]
493 2937 593 2977 Ivory
609 2939 718 2968 statue
731 2947 743 2969 .·
767 2947 804 2969 as
821 2937 853 2968 in
872 2938 977 2979 Virg.‚
995 2938 1148 2979 Georgic,
1169 2939 1195 2969 1.
1213 2940 1285 2978 480.
