2594 3749
601 335 825 368 APOLOGY
858 335 952 367 FOR
985 334 1137 366 LEITH
1171 335 1386 366 SAILORS.

332 453 600 503 Daedaleae,
626 451 765 494 sensit
788 466 889 493 cum
913 466 994 493 sua
1017 451 1134 493 furta
1157 451 1295 505 premi
1314 451 1330 491 Ρ

274 523 375 563 Non
398 521 460 563 ita
482 521 754 576 compositas
775 519 885 562 vidit
907 535 1018 574 gens
1039 519 1201 561 Troica
1223 519 1426 569 technas,

332 590 533 632 Sublevit
557 590 746 632 miserae
769 604 871 631 cum
893 589 1016 631 vafer
1037 603 1114 630 ora
1138 588 1292 631 Sinon.

275 660 379 713 Ipsa
401 660 532 713 quod,
558 660 664 701 urbe
686 665 765 700 tua
788 658 955 713 procul,
979 658 1266 712 expilaverat,
1292 657 1445 698 hostes

334 727 524 769 Dictitat
548 733 722 769 armata
744 727 981 781 diripuisse
1005 741 1156 768 manu.

275 797 398 837 Neve
420 803 550 850 putes
573 796 682 838 haec
706 796 810 837 ficta
833 795 948 845 dolo,
972 802 1255 849 tempusque,
1279 794 1530 847 locumque,

333 866 567 919 Verbaque
590 867 864 920 praedonum
888 865 1030 907 tristis
1053 872 1096 906 et
1119 879 1196 906 ora
1219 865 1366 906 refert.

276 936 493 990 Quodque
516 935 662 985 refert,
686 935 803 977 iurat
830 938 972 985 (tanta
996 942 1062 976 est
1085 934 1247 977 fiducia
1270 933 1432 989 gentis)
1453 949 1461 983 3

334 1005 428 1046 Nec
452 1006 593 1059 pudor
614 1019 691 1046 ora
714 1011 856 1054 notat,
882 1018 962 1046 nec
986 1004 1130 1058 quatit
1154 1019 1256 1046 ossa
1283 1010 1444 1045 metus.

276 1073 364 1115 Hic
388 1088 502 1128 quae
528 1076 759 1116 Romanos
781 1076 936 1116 deceat
960 1073 1214 1116 constantia
1237 1073 1382 1116 cives:

335 1143 423 1185 Hic
447 1151 489 1185 et
515 1145 765 1198 Spartanae
787 1150 968 1198 pectora
990 1143 1138 1199 gentis
1161 1149 1302 1185 erant.

277 1212 490 1268 Quisquis
513 1213 558 1255 in
581 1214 665 1255 hac
687 1214 855 1256 furtum
880 1214 1047 1268 culpat,
1072 1227 1353 1268 poenamque
1377 1212 1588 1262 minatur,

335 1282 509 1337 Ingenii
533 1282 692 1324 saltem
716 1282 867 1324 laudet
891 1289 933 1323 et
957 1282 1065 1324 artis
1088 1297 1214 1336 opus.

277 1352 363 1393 Sed
386 1366 467 1393 nec
491 1358 585 1393 erat
609 1351 723 1393 tanti
746 1352 914 1393 furtum
933 1366 942 1400 ;
977 1353 1094 1405 quod
1118 1366 1196 1405 per
1217 1365 1338 1393 mare
1361 1350 1479 1392 vexit

336 1422 460 1463 Gens
482 1435 570 1471 rea,
596 1423 648 1463 de
672 1428 777 1476 poto
799 1428 894 1463 tota
918 1422 1097 1475 querela
1120 1435 1242 1462 mero
1266 1428 1348 1463 est.

278 1489 389 1544 Quis
413 1496 538 1544 putet
563 1504 660 1531 esse
682 1490 822 1539 nefas,
847 1489 1014 1531 domini
1040 1489 1076 1530 si
1099 1489 1263 1530 vinitor
1284 1503 1409 1539 uvas,

335 1558 423 1599 Aut
447 1558 578 1600 olitor
599 1565 765 1613 gustet,
790 1573 902 1612 quas
925 1559 1058 1600 habet
1083 1558 1254 1608 hortus,
1280 1558 1422 1612 opes?

279 1627 393 1668 Vere
417 1641 531 1668 novo
555 1627 723 1668 mensis
745 1627 913 1669 domini
937 1628 1054 1681 quod
1079 1626 1262 1680 colligit,
1287 1641 1438 1668 exsors

337 1695 551 1738 Criminis
574 1697 656 1738 hoc
680 1696 777 1750 ipso
799 1703 978 1738 nectare
1001 1695 1108 1737 vivit
1132 1695 1243 1750 apis.

280 1765 498 1819 Quodque
519 1765 632 1820 gerit
655 1766 786 1807 dorso
809 1764 1089 1807 miserandae
1114 1764 1247 1806 sortis
1270 1764 1449 1814 asellus,

340 1834 440 1875 Hoc
463 1833 609 1888 ipsum
634 1834 758 1876 nullo
781 1833 965 1876 crimine
988 1834 1176 1888 prandet
1203 1833 1316 1875 olus.

281 1903 470 1944 Fercula
493 1918 605 1957 quae
626 1910 751 1945 curat
773 1903 961 1945 tinctam
984 1902 1168 1957 fuligine
1191 1909 1370 1957 gentem

338 1971 544 2026 Adspice,
569 1978 844 2027 praegustat,
869 1987 981 2026 quas
1005 1978 1132 2026 parat
1156 1972 1232 2013 illa
1255 1973 1405 2026 dapes.

283 2041 454 2082 Forsan
478 2048 519 2082 et
543 2041 642 2091 hoc,
667 2041 838 2096 patriae
861 2056 983 2082 merx
1006 2055 1060 2081 ne
1084 2040 1315 2095 peregrina
1345 2047 1538 2090 noceret,

341 2111 464 2152 Gens
488 2110 560 2164 pia
583 2111 813 2153 libandum
838 2110 1011 2152 censuit
1036 2117 1139 2152 ante
1163 2125 1351 2152 merum.

283 2178 329 2221 Si
354 2178 459 2233 quid
482 2179 526 2220 in
550 2180 633 2221 hoc
656 2194 812 2230 noxae,
837 2179 873 2221 si
897 2179 1002 2234 quid
1023 2179 1212 2221 fortasse
1234 2179 1394 2221 veneni

343 2247 430 2290 Hic
453 2248 549 2298 fuit,
575 2249 658 2290 hoc
682 2248 854 2303 patriae
877 2262 1084 2303 spernere
1107 2247 1236 2289 iussit
1260 2262 1399 2290 amor.

284 2315 356 2358 Sic
379 2317 467 2358 dux
491 2316 802 2372 Cecropidum,
827 2317 1018 2372 patriam
1043 2331 1097 2358 ne
1121 2317 1330 2367 laederet,
1355 2317 1517 2359 hausto

343 2385 571 2440 Sanguine
594 2385 771 2428 taurino
795 2385 952 2428 maluit
975 2393 1080 2428 ante
1103 2385 1228 2427 mori.

290 2454 457 2496 Forsan
480 2461 522 2496 et
546 2455 664 2497 hunc
686 2461 863 2509 praeter
884 2454 1080 2508 reliquus
1103 2455 1322 2496 defecerat
1346 2455 1519 2504 humor,

343 2524 438 2565 Nec
462 2524 598 2566 maris
620 2523 664 2565 in
688 2524 848 2574 medio,
874 2525 991 2579 quod
1014 2524 1250 2573 biberetur,
1275 2530 1401 2565 erat.-

286 2591 403 2646 Quid
426 2593 623 2635 faceret?
657 2607 738 2635 nec
760 2593 874 2635 ferre
897 2593 1034 2643 sitim,
1059 2607 1140 2635 nec
1162 2593 1338 2647 gurgite
1361 2593 1479 2634 salso

343 2662 574 2716 Aequoris,
598 2662 804 2705 halecum
828 2677 964 2712 more,
989 2662 1135 2704 levare
1157 2668 1319 2716 potest.

380 2837 432 2869 88.
457 2836 682 2878 Daedaleae.]
727 2839 774 2870 So
790 2837 824 2869 in
841 2837 969 2870 edition
988 2838 1051 2877 '32.
1100 2837 1139 2868 In
1156 2836 1306 2868 Deliciae
1325 2836 1507 2874 Dedaleae,
1524 2836 1688 2878 wrongly.

361 2900 432 2922 111.
458 2892 564 2931 Hoc.]
609 2891 747 2924 Edition
765 2894 816 2933 '32
837 2892 956 2923 “haec
971 2893 1001 2922 ''.

364 2955 435 2986 115.
462 2946 539 2977 Dux
556 2947 811 2988 Cecropidum.]
856 2946 1119 2979 Themistocles.

1822 339 1900 379 143

1849 602 1903 643 90

1828 1295 1908 1323 100

1835 1986 1915 2014 110

1836 2674 1916 2704 120
