2594 3749
664 317 741 359 168
1197 336 1200 341 ·
1449 327 1686 362 PARERGA.

839 439 1011 498 Cuique
1034 459 1164 487 suum
1188 444 1403 496 tribuens,
1426 459 1573 488 assem
1597 447 1703 488 dum
1726 446 1881 490 dividit
1905 448 2077 499 haeres,

898 514 1018 555 Dum
1042 513 1240 556 numeris
1262 522 1459 556 mentem
1481 514 1706 566 distrahit,
1730 529 1876 558 annus
1901 516 2007 559 abit.

842 581 930 624 Hic
953 581 1035 624 sibi
1059 581 1308 634 semissem,
1331 584 1592 626 dodrantem
1616 584 1811 627 vindicat
1832 585 1959 635 alter,

897 652 1036 693 Besse
1059 650 1180 706 cupit
1203 665 1307 706 pars
1329 651 1453 703 haec,
1477 652 1554 695 illa
1575 654 1746 696 deunce
1767 653 1867 696 frui.

840 719 927 762 His
949 734 1138 775 quoque,
1161 720 1316 776 pupilli
1340 721 1500 775 quibus
1522 728 1589 764 est
1611 723 1753 764 tutela
1776 722 1937 765 miselli

896 789 1091 840 Credita,
1114 789 1310 832 viscatas
1331 790 1554 832 cernimus
1576 805 1674 833 esse
1696 806 1872 834 manus·

838 860 1027 901 Pascere
1049 859 1299 901 causidicos
1321 859 1366 901 in
1388 859 1515 902 cunis
1537 860 1711 915 cogitur
1732 860 1894 912 infans,

895 927 1030 982 Vagit
1053 933 1096 969 et
1119 927 1162 969 in
1186 927 1346 978 medio,
1369 942 1448 983 pro
1469 929 1599 983 dape,
1623 943 1755 984 saepe
1777 929 1889 972 foco.

837 996 1036 1039 Lascivit
1059 997 1256 1051 locuples
1277 997 1396 1040 elato
1417 997 1605 1052 coniuge
1626 999 1833 1049 coniunX,

897 1066 1037 1120 Inque
1059 1079 1196 1107 novos
1218 1065 1444 1108 thalamos
1466 1065 1624 1120 frigida
1650 1067 1789 1121 prurit
1817 1082 1946 1110 anus.
2385 1081 2466 1110 100

838 1136 950 1176 Aere
972 1133 1114 1176 virum
1137 1135 1321 1176 demens
1344 1142 1581 1186 mercatur,
1606 1143 1648 1177 et
1673 1136 1897 1190 unguibus
1920 1136 2046 1179 uncis

894 1201 1092 1244 Vitricus
1114 1203 1345 1244 abstrusas
1366 1203 1662 1258 depopulatur
1682 1218 1804 1259 opes.

839 1272 966 1314 Haec
989 1284 1069 1325 ego
1092 1270 1375 1325 praeveniam
1398 1272 1573 1314 venturi
1597 1273 1851 1327 praescius3
1885 1274 2042 1317 haeres

895 1341 997 1394 Ipse
1020 1339 1127 1381 mihi
1150 1354 1305 1395 caupo,
1327 1340 1396 1382 vel
1421 1341 1740 1397 Polydamnus‚
1765 1342 1863 1385 erit.

781 1498 851 1528 104.
878 1486 1136 1530 Polydamnus.]
1182 1488 1301 1519 Seems
1323 1493 1359 1520 to
1383 1498 1482 1520 mean
1502 1489 1602 1521 Pluto
1617 1499 1654 1522 or
1673 1489 1875 1532 Polydectes
1898 1489 1965 1522 and
1982 1489 2123 1522 so=the
2139 1489 2239 1542 devii,
2256 1489 2322 1521 like
2339 1493 2358 1507 “
2370 1489 2468 1526 Dis,''

662 1555 683 1588 1.
708 1566 749 1597 59
773 1554 892 1587 above.
