2594 3749
660 327 885 361 APOLOGY
916 328 1013 360 FOR
1045 329 1278 362 DAULIUS.
1789 334 1871 377 245

302 433 453 485 Exuit,
477 433 647 476 exuviis
669 448 778 488 gens
801 433 1054 489 Erythraea
1076 433 1180 476 tuis.

243 505 365 546 Adde
389 504 505 558 quod
530 503 640 544 haec
666 504 827 545 Scotae
851 501 999 544 decuit
1022 502 1219 545 vindicta
1242 510 1440 558 nepote5‚

302 573 519 628 Grampia
543 572 617 627 qui
640 572 786 627 gelido
810 587 916 613 saxa
939 573 1021 614 sub
1044 586 1124 614 axe
1148 572 1315 615 colunt.

245 644 371 685 Haec
394 657 526 684 sexus
548 641 701 696 regina
725 641 807 692 sui,
831 642 884 682 de
907 648 1039 695 gente
1063 641 1249 696 Canopi,

302 713 361 753 Et
388 711 607 753 Pelusiaci
630 710 721 753 filia
743 710 860 764 regis
883 717 988 752 erat.
1818 726 1872 765 30

244 782 330 823 Sed
352 780 477 823 ducis
503 780 697 823 Hebraei
721 780 896 834 fugiens
918 786 961 821 et
985 779 1197 821 Numinis
1219 779 1322 829 iras,

301 850 435 891 Venit
459 849 503 891 in
527 850 657 900 hanc,
681 863 844 891 nomen
868 848 937 891 cui
961 848 1097 898 dedit,
1122 848 1222 890 exul
1247 849 1449 890 humum.

244 919 410 969 Scotia‚
429 934 510 961 vae
533 919 656 973 pigro
680 918 868 960 nimium
891 917 1038 960 vicina
1063 919 1248 968 Bootae,

302 989 425 1044 Quas
447 988 623 1039 coleret,
647 994 802 1038 terras,
826 987 1165 1042 imperiumque,
1191 987 1326 1029 dedit.

245 1059 369 1114 Quae
391 1058 601 1112 profugae
625 1058 841 1112 sedesque
864 1057 984 1099 dedit
1008 1064 1320 1111 sceptrumque
1343 1057 1533 1112 puellae,

304 1127 482 1169 Emicat
506 1142 558 1168 ex
581 1127 657 1169 illa
680 1141 799 1168 nunc
822 1126 922 1181 pius
946 1126 1063 1168 ultor
1088 1126 1242 1168 humo.

248 1196 433 1238 Finibus
456 1196 500 1237 in
526 1195 697 1238 Geticis
720 1210 799 1250 pro
820 1195 990 1251 virgine
1015 1196 1207 1238 Daulius
1231 1195 1319 1238 iras

304 1265 470 1315 Induit,
495 1272 537 1307 et
560 1280 728 1320 poenas
751 1265 894 1307 hostis
916 1264 1072 1319 Apella
1095 1265 1192 1307 luit.

245 1335 374 1377 Sicca
396 1342 548 1377 tamen
571 1334 768 1376 vindicta
791 1334 900 1384 fuit;
935 1334 1029 1376 sine
1052 1335 1186 1376 caede
1208 1333 1493 1389 triumphans

303 1404 484 1446 Nullius
506 1403 656 1446 infecit
681 1403 898 1458 sanguine
919 1403 1061 1446 victor
1082 1404 1285 1445 humum.
1822 1418 1877 1459 40

246 1474 392 1516 Caede
415 1473 626 1516 litaturus
648 1473 818 1528 patriae
841 1473 923 1514 fuit
948 1473 1021 1514 ille
1043 1472 1232 1527 parenti,

303 1544 390 1585 Sed
413 1542 584 1597 patriae
605 1542 746 1585 vetuit
770 1542 987 1597 stringere
1010 1542 1100 1584 tela
1123 1541 1261 1585 salus.

246 1612 440 1654 Glubere
464 1611 525 1653 nil
548 1611 672 1654 illam
698 1612 907 1668 Solymae
930 1611 1114 1654 iuvisset
1138 1612 1266 1662 ovile,

303 1680 467 1723 Nullus
489 1687 532 1722 et
555 1680 681 1722 effusi
706 1680 939 1735 sanguinis
962 1695 1070 1722 usus
1092 1687 1200 1723 erat.

248 1750 393 1791 Marte
416 1756 590 1804 potem,
615 1751 691 1791 sed
714 1756 831 1791 terra
855 1749 1004 1791 minus
1025 1749 1230 1800 fecunda,
1256 1749 1405 1792 Sionis

303 1817 496 1860 Tonderi
519 1818 668 1873 potius
691 1817 820 1860 iussit
844 1817 1012 1860 inerme
1034 1832 1185 1872 pecus.

248 1887 414 1936 Paruit,
435 1895 478 1930 et
502 1887 658 1943 patriis
679 1888 839 1930 vindex
862 1888 961 1943 pius
984 1887 1134 1930 intulit
1157 1887 1246 1930 oris

304 1958 452 1999 Aurea
473 1958 527 1999 de
551 1972 676 2000 sacro
698 1958 865 2000 vellera
887 1965 1032 2000 tracta
1054 1973 1202 2013 grege.

249 2026 455 2081 Hospitis
477 2042 587 2070 ausa
610 2027 678 2069 sui
703 2042 804 2070 cum
829 2035 1101 2082 spectavere,
1126 2028 1328 2071 feruntur

306 2097 459 2138 Dacus
481 2103 523 2139 et
546 2097 768 2140 immanes
791 2097 1079 2153 obstupuisse
1103 2099 1261 2140 Getae.
1824 2110 1878 2152 50

246 2166 412 2216 Ardua,
436 2166 564 2208 crede
588 2166 711 2217 mihi,
736 2166 934 2208 nummis
957 2181 1198 2221 emungere
1220 2182 1380 2222 verpos

306 2235 396 2276 Res
417 2234 515 2284 fuit,
539 2242 582 2277 et
606 2235 774 2278 multae
797 2235 1075 2278 dexteritatis
1097 2251 1223 2290 opus.

250 2304 376 2345 Haec
398 2303 577 2345 oculata
600 2303 734 2346 nimis
756 2319 865 2359 gens
888 2311 970 2355 est,
996 2319 1077 2347 nec
1100 2305 1271 2347 doctior
1293 2306 1398 2356 ulla,

306 2372 495 2414 Nectere
519 2387 596 2414 seu
620 2372 760 2421 malit,
782 2373 874 2415 sive
896 2388 1052 2416 cavere
1074 2374 1214 2416 dolos.

250 2440 370 2483 Huic
392 2448 543 2483 tamen
567 2449 761 2484 assertor
784 2442 953 2497 patriae
976 2443 1261 2498 praestrinxit
1285 2444 1449 2486 ocellos

307 2510 512 2560 Daulius‚
537 2517 579 2552 et
603 2510 670 2553 bis
694 2526 769 2553 sex
792 2513 956 2566 praeda
978 2512 1099 2554 fuere
1121 2512 1277 2555 tribus.

249 2580 350 2621 Non
374 2579 468 2621 sine
490 2579 660 2633 flagitio
682 2595 792 2635 gens
814 2580 983 2623 fallitur
1003 2581 1144 2624 inscia
1165 2582 1359 2632 fraudis3

306 2648 487 2691 Crimen
509 2650 635 2692 abest
659 2649 834 2704 quoties
860 2650 1027 2692 luditur
1049 2657 1143 2693 arte
1165 2651 1304 2694 dolus.

191 2821 242 2851 26.
269 2819 487 2861 Erythraea.]
531 2819 596 2857 i.e.‚
613 2820 653 2852 of
664 2820 722 2851 the
738 2820 811 2851 Red
829 2821 904 2859 Sea,
921 2820 1034 2853 where
1052 2822 1157 2853 Israel
1174 2822 1344 2864 emerged,
1362 2832 1382 2854 a
1398 2822 1527 2855 nation.

191 2883 242 2915 27.
270 2874 419 2914 Seotae.]
458 2874 533 2906 The
549 2874 607 2906 old
623 2875 757 2916 legend,
778 2875 812 2906 in
829 2875 956 2907 Hector
971 2876 1085 2914 Boece,
1102 2882 1182 2914 etc.‚
1200 2887 1238 2909 as
1253 2883 1290 2909 to
1308 2878 1422 2916 Scota,
1445 2876 1630 2908 Pharaoh’s
1647 2876 1825 2918 daughter.

190 2939 242 2971 37.
269 2930 334 2961 Pro
348 2928 507 2971 virgine]
551 2929 616 2967 i.c.‚
635 2934 654 2948 “
670 2940 730 2971 pro
749 2930 886 2968 Scota,'’
905 2934 924 2948 ‘⁴
937 2931 1062 2972 virgo'’
1080 2938 1141 2964 not
1158 2931 1290 2973 strictly
1305 2932 1421 2965 taken.⁴
