2594 3749
669 303 748 360 196
1447 316 1687 351 PARERGA.
1998 354 2001 356 ,
2579 329 2582 370 5

659 903 803 944 XXX.
847 904 930 944 AD
976 904 1032 945 D.
1078 905 1296 947 IOHAN.
1341 905 1596 948 SCOTUM
1643 905 2242 957 SCOTOTARVATIUM,
2283 908 2459 963 EQUI-

829 983 980 1033 TEM,
1013 985 1258 1027 CONSIL.
1294 986 1568 1036 REGIUM,
1604 987 1738 1028 CUM
1777 987 2076 1029 POEMATA
2111 986 2454 1030 SCOTORUM

830 1065 1038 1108 PRELO
1073 1065 1480 1108 SUBIICERET.

828 1218 975 1269 Scote‚
1000 1218 1267 1261 Caledonios
1290 1220 1411 1274 prelo
1433 1219 1666 1262 committe
1691 1221 1854 1262 Poetas

885 1287 1036 1338 Ocius,
1062 1294 1104 1329 et
1128 1295 1335 1343 coeptum
1360 1288 1521 1343 perfice
1543 1288 1670 1330 fortis
1693 1288 1788 1331 iter.

827 1356 1002 1398 Lumen
1025 1363 1073 1399 ut
1097 1356 1295 1412 impertit
1319 1357 1458 1411 gratis
1483 1358 1558 1400 Sol
1582 1372 1743 1399 aureus
1772 1357 1881 1408 orbi,

882 1425 1213 1480 Aethereasque
1236 1441 1316 1468 suo
1339 1426 1528 1468 suscitat
1551 1426 1653 1481 igne
1675 1427 1820 1477 faces;

826 1493 898 1536 Sic
922 1494 1094 1548 patriae
1117 1495 1362 1550 patriisque
1385 1495 1526 1546 dabis,
1552 1495 1647 1537 sine
1668 1495 1862 1546 foenore,
1887 1496 2031 1538 lucem

882 1562 1125 1614 Sideribus,
1150 1578 1264 1618 quae
1286 1578 1405 1606 nunc
1428 1565 1544 1606 nube
1567 1564 1743 1618 sepulta
1766 1564 1921 1606 latent.

826 1631 925 1673 Hac
948 1645 1030 1685 ope
1051 1631 1233 1674 vitalem
1258 1633 1415 1674 reddes
1437 1632 1724 1687 popularibus
1752 1647 1922 1683 auram,

882 1700 1003 1754 Quos
1026 1699 1113 1742 iarn
1138 1715 1338 1742 semesos
1360 1700 1715 1755 semiputresque
1736 1701 1873 1743 vides.

824 1768 1093 1811 Romuleum
1118 1770 1320 1824 quisquis
1343 1769 1484 1812 civem
1509 1777 1777 1820 servaverat,
1802 1770 1864 1812 illi

881 1838 981 1879 Mos
1003 1844 1097 1880 erat
1120 1838 1258 1893 iligna
1280 1839 1456 1894 cingere
1477 1839 1631 1881 fronde
1654 1854 1820 1881 comas,
2401 1852 2453 1881 10

823 1905 946 1947 Mille
969 1912 1047 1948 tuo
1069 1920 1311 1950 numerans
1334 1914 1534 1950 servatos
1557 1921 1740 1949 munere
1763 1907 1881 1950 cives

879 1974 1044 2026 Scotia,
1070 1982 1188 2018 serta
1210 1975 1290 2018 tibi
1314 1976 1453 2018 civica
1477 1976 1598 2018 mille
1621 1976 1756 2019 dabit.

822 2042 1083 2086 Immortale
1106 2045 1241 2086 decus
1264 2044 1439 2094 meruit,
1465 2045 1538 2099 qui
1562 2051 1704 2086 morte
1728 2045 1918 2087 nefanda

876 2111 1029 2154 Arcuit
1052 2112 1215 2154 Andini
1238 2112 1385 2155 nobile
1406 2113 1523 2155 vatis
1545 2127 1667 2168 opus.

819 2179 935 2234 Quid
958 2187 1035 2222 tua
1057 2195 1146 2223 non
1170 2181 1330 2224 meruit
1354 2181 1511 2236 pietas,
1535 2188 1599 2223 tot
1624 2181 1769 2223 sidera
1793 2182 1932 2235 mergi
2532 2182 2535 2240 ξ

879 2249 1003 2304 Quae
1024 2256 1161 2301 vetat,
1186 2252 1375 2293 Arctoae
1399 2251 1570 2292 lumina
1592 2265 1690 2292 rara
1714 2252 1872 2305 plagae
1891 2251 1906 2293 ?
2529 2245 2533 2324 ᾗ

819 2317 920 2358 Non
944 2333 1025 2373 ego
1050 2319 1338 2362 Romulidum
1362 2319 1453 2362 vati
1477 2334 1696 2374 compono
1724 2320 1899 2369 Poetas,

875 2386 1092 2441 Grampia
1115 2402 1226 2442 quos
1248 2387 1394 2442 gelido
1416 2394 1533 2430 terra
1557 2389 1638 2430 sub
1661 2402 1741 2430 axe
1764 2388 1880 2429 tulit.

818 2453 971 2497 Sidera
995 2455 1179 2498 sidereis
1201 2456 1403 2511 quisquis
1429 2456 1626 2498 conferre
1652 2455 1815 2498 favillis

873 2524 1034 2574 Audet,
1059 2530 1101 2566 et
1125 2531 1247 2567 astra
1268 2524 1369 2567 duci
1393 2524 1467 2579 qui
1490 2524 1617 2578 regit,
1642 2524 1715 2566 ille
1737 2524 1857 2566 furit.
2392 2534 2445 2563 20
2523 2526 2525 2562 4

818 2591 920 2632 Non
943 2598 1095 2634 tamen
1119 2593 1178 2643 hi,
1203 2593 1409 2648 quamvis
1431 2593 1658 2635 Andinum
1683 2607 1797 2647 pone
1820 2598 2078 2647 sequantur,

873 2661 1221 2716 Agnoscantque
1243 2663 1420 2712 ducem,
1445 2675 1746 2704 commeruere
1770 2661 1895 2702 mori.

760 2815 808 2845 14.
835 2806 987 2846 Andini.]
1033 2808 1170 2849 Virgil's
1192 2808 1330 2847 Aeneid,
1355 2808 1428 2840 said
1452 2815 1488 2840 to
1512 2808 1598 2840 have
1622 2808 1706 2839 been
1724 2807 1902 2848 preserved
1925 2807 1968 2848 by
1991 2808 2176 2847 Augustus,
2194 2806 2272 2837 who
2287 2804 2442 2837 commis·
2515 2790 2518 2833 i

641 2859 759 2890 sioned
786 2860 901 2892 Tucca
924 2862 991 2892 and
1015 2863 1137 2893 Varius
1161 2869 1198 2893 to
1223 2863 1443 2903 superintend
1471 2863 1513 2894 its
1541 2863 1781 2903 transcription
1806 2862 1904 2893 when
1930 2862 1973 2892 its
1997 2862 2118 2893 author
2142 2860 2271 2891 wished
2296 2859 2320 2890 it
2345 2865 2380 2890 to
2403 2858 2442 2888 be
2514 2861 2516 2900 ξ
2569 2870 2592 2899 -h

641 2912 833 2954 destroyed.
898 2916 999 2946 Same
1024 2917 1195 2948 reference
1220 2917 1252 2947 in
1280 2918 1345 2949 No.
1376 2918 1433 2957 11.,
1463 2927 1480 2956 5
1507 2917 1620 2958 (Clio).
2514 2919 2515 2927 ¹

2489 3586 2528 3749 §cmc
