2594 3749
666 317 718 359 68

1447 321 1685 355 PARERGA.

838 444 950 485 Sunt
975 440 1047 496 qui
1073 442 1316 484 Cerbereae
1339 452 1519 493 germen
1543 438 1676 480 letale
1699 436 1867 480 salivae

897 512 1060 559 Iurent,
1083 510 1198 564 quod
1221 509 1355 551 tellus
1377 514 1476 563 post
1499 506 1677 549 aconita
1699 505 1813 548 tulit.

839 579 1060 633 Gorgonis
1083 584 1296 621 accusant
1320 576 1464 627 multi,
1486 576 1555 618 vel
1577 574 1698 617 virus
1722 573 1968 622 Echidnae,

898 649 991 690 Nec
1014 645 1142 702 pauci
1166 652 1337 701 patrem
1360 652 1417 693 te,
1438 643 1658 693 basilisce‚
1682 648 1858 698 putant.

838 718 917 758 Ast
941 730 1023 769 ego
1047 715 1242 757 Phineas
1264 713 1427 769 potius,
1449 713 1541 755 fera
1565 718 1778 761 monstra,
1803 710 2005 753 volucres

900 786 998 828 Has
1021 786 1187 827 mundo
1209 790 1357 839 pestes
1379 781 1667 838 progenuisse
1689 795 1800 823 rear.

842 853 1006 897 Omnia
1028 852 1324 901 conveniunt3
1358 851 1428 893 his
1451 857 1603 893 castae
1625 848 1809 904 virginis
1831 862 1908 891 ora

899 923 1013 964 Sunt
1040 923 1172 970 data3
1205 920 1453 975 virgineum
1477 919 1538 961 nil
1561 925 1712 961 tamen
1736 917 1858 960 intus
1884 917 2066 959 habent.

845 991 975 1033 Unca
998 1004 1159 1032 manus
1182 988 1315 1031 nimis
1337 994 1431 1038 est;
1465 1001 1552 1029 non
1577 986 1670 1042 ipse
1696 984 1899 1041 rapacior
1923 984 2011 1026 illis

903 1059 1145 1113 Harpalus,
1171 1058 1416 1113 Autolycus
1438 1071 1539 1098 eum
1563 1062 1703 1111 patre,
1729 1055 1897 1104 Massa,
1923 1052 2052 1097 Cilix.

846 1127 1072 1180 Ingluvies
1094 1141 1261 1169 vesana
1282 1132 1420 1176 tenet,
1445 1124 1593 1179 gravis
1618 1123 1826 1166 omnibus
1853 1121 1956 1166 Orci

905 1195 1143 1249 Progenies
1166 1209 1339 1245 aurum,
1363 1193 1558 1249 praedia,
1583 1207 1719 1248 regna
1740 1198 1881 1234 vorat.

848 1264 997 1307 Pallor
1017 1264 1147 1314 inest,
1171 1278 1302 1318 quem
1325 1263 1394 1306 vel
1419 1264 1573 1305 Venus
1595 1267 1821 1310 enervata,
1844 1260 1912 1303 vel
1937 1258 2031 1302 auri

906 1335 1001 1376 Iam
1025 1333 1196 1376 lassata
1217 1333 1359 1375 fames
1381 1346 1463 1374 nec
1485 1330 1666 1381 satiata,
1690 1329 1812 1372 facit.

848 1400 1060 1456 Spurcius
1082 1401 1166 1444 hac
1189 1402 1319 1443 turba
1342 1399 1452 1442 nihil
1476 1406 1570 1442 est:
1604 1413 1692 1441 non
1715 1397 1820 1441 vilia
1845 1395 2003 1440 Phinei

906 1469 1113 1520 Prandia,
1138 1476 1180 1512 et
1203 1468 1444 1512 Arcadicas
1466 1467 1624 1523 polluit
1646 1467 1723 1510 illa
1745 1468 1907 1521 dapes:

848 1540 1028 1581 Structa
1053 1540 1161 1588 Deo,
1184 1537 1344 1593 quibus
1367 1552 1469 1580 esca
1494 1538 1634 1588 Deus,
1658 1534 1860 1578 convivia
1882 1533 1994 1578 caeli

905 1609 1212 1662 Conspurcare
1234 1606 1328 1649 suis
1350 1605 1553 1649 sordibus
1575 1620 1686 1648 ausa
1707 1604 1805 1647 fuit.

851 1675 1041 1718 Incoluit
1064 1676 1292 1718 volucrum
1316 1675 1454 1730 pestis
1476 1681 1730 1728 terramque
1750 1673 2016 1727 fretumque,

910 1746 1036 1787 Haec
1060 1745 1195 1787 etiam
1218 1751 1383 1787 terram
1407 1759 1522 1786 noxa
1543 1744 1795 1798 fretumque
1821 1741 1939 1784 colit.

851 1815 1118 1868 Sparserunt
1141 1814 1243 1856 illae
1266 1815 1472 1856 subtexto
1495 1813 1587 1855 sole
1609 1813 1829 1862 tenebras,

909 1884 968 1924 Et
991 1884 1206 1925 mundum
1229 1881 1424 1925 tenebris
1446 1881 1590 1924 obruit
1618 1881 1705 1923 ista
1731 1880 1904 1923 cohors.

853 1952 924 1993 Ira
950 1951 1068 1994 Iovis
1092 1951 1259 2007 Stygiis
1281 1951 1386 1993 olim
1412 1949 1749 2006 Stymphalidas
1775 1948 1906 1992 undis

911 2020 1111 2070 Excivit3
1146 2027 1316 2075 pestem
1340 2020 1456 2062 hanc
1478 2018 1635 2061 extulit
1658 2018 1722 2061 ira
1746 2020 1890 2060 Iovae.

856 2089 999 2143 Impia
1021 2103 1130 2143 gens
1152 2096 1246 2130 tota
1269 2095 1362 2138 est;
1397 2095 1540 2130 armat
1564 2087 1634 2130 cui
1658 2087 1830 2142 perdita
1853 2092 2048 2128 mentem

910 2157 1119 2207 Ambitio,
1144 2157 1343 2211 linguam
1366 2158 1487 2199 fraus
1511 2172 1648 2206 mera,
1672 2156 1764 2198 sica
1788 2169 1998 2203 manum;

855 2227 990 2269 Caelo
1013 2226 1170 2276 invisa,
1196 2227 1290 2268 solo
1311 2241 1420 2281 gens
1448 2224 1772 2280 indignissima,
1798 2239 1950 2278 regum

915 2294 1153 2344 Pernicies,
1177 2294 1326 2349 populi
1350 2294 1502 2349 pestis,
1528 2300 1570 2336 et
1599 2293 1663 2335 ira
1691 2294 1854 2335 Deum.

859 2363 983 2405 Illius
1005 2362 1200 2418 impulsu
1223 2378 1323 2405 cum
1348 2377 1483 2417 regno
1505 2376 1632 2404 sacra
1655 2361 1804 2417 petisti

914 2433 1094 2482 Nostra,
1117 2432 1218 2474 dolo
1241 2431 1447 2486 primum,
1473 2445 1573 2472 mox
1595 2429 1771 2473 feritate
1793 2444 1930 2472 mera.

857 2501 999 2542 Saxea
1022 2501 1213 2554 cogebar
1233 2500 1433 2542 venerari
1457 2499 1668 2548 numina;
1703 2498 1822 2541 saxis

915 2568 1081 2611 Oscula
1103 2583 1204 2610 curn
1228 2568 1431 2623 precibus
1453 2569 1601 2610 danda
1623 2567 1744 2609 fuere
1767 2566 1890 2608 mihi.

857 2637 966 2692 Quis
988 2637 1118 2686 furor,
1139 2636 1329 2687 aiebam,
1354 2651 1503 2679 coram
1528 2637 1816 2691 procumbere
1839 2635 2005 2677 caeco?

915 2705 1025 2760 Quis
1047 2705 1166 2747 furor
1187 2712 1253 2747 est
1277 2706 1459 2747 surdum
1483 2704 1722 2747 sollicitare
1750 2704 1910 2758 prece?

689 2917 766 2948 here
784 2927 822 2947 so
837 2917 955 2957 darkly
971 2917 1098 2950 drawn.

2413 789 2468 830 90

2395 1476 2475 1505 100

2400 2165 2480 2194 110

806 2873 874 2902 109.
901 2863 1010 2904 Impia
1026 2864 1138 2905 gens.]
1193 2863 1223 2893 lt
1247 2863 1275 2895 is
1299 2862 1462 2904 probably
1485 2862 1542 2894 the
1565 2862 1703 2903 Jesuits,
1720 2861 1837 2893 whose
1861 2860 1971 2902 origin
1996 2870 2066 2891 was
2090 2859 2173 2893 from
2199 2858 2315 2900 Spain,
2340 2857 2413 2889 that
2431 2867 2486 2889 are
