2594 3749
593 337 656 370 To
688 337 790 369 THE
824 329 991 370 KING's
1026 339 1325 372 PHvsoeiANs.
1777 334 1855 374 261

511 836 688 877 XLIII.
722 836 805 876 AD
841 836 1126 879 MEDICOS
1162 838 1411 880 REGIOS.

233 984 393 1028 Gentis
414 984 676 1039 Apollineae
698 999 915 1039 proceres,
940 985 1013 1040 qui
1037 985 1248 1041 principis
1274 987 1402 1030 aulae

289 1054 435 1096 Adfixi
458 1054 630 1096 medica
654 1054 952 1096 consenuistis
974 1069 1082 1110 ope;

232 1124 323 1166 Cur
345 1123 454 1164 mihi
476 1130 624 1165 vestra
647 1122 820 1173 cohors,
845 1138 980 1177 quam
1005 1124 1126 1166 nullo
1150 1124 1334 1166 crimine
1357 1125 1481 1175 laesi,

291 1193 477 1246 Semper
497 1192 638 1242 obest,
661 1191 778 1234 votis
801 1207 975 1246 semper
996 1192 1148 1247 iniqua
1171 1193 1314 1236 meis?

234 1263 329 1303 Rex
351 1261 460 1303 mihi
484 1261 702 1304 concessit
726 1269 866 1316 pater,
891 1269 933 1304 et
956 1263 1095 1317 patris
1119 1264 1322 1305 aemulus
1345 1264 1486 1313 heres,

291 1330 474 1372 Dicerer
496 1337 544 1372 ut
566 1329 702 1372 vestri
725 1345 827 1385 pars
850 1330 1079 1385 aliquanta
1101 1332 1262 1386 gregis.

233 1399 371 1441 Dives
393 1414 514 1441 eram
537 1399 694 1450 titulis,
719 1414 902 1441 censum
927 1415 1104 1454 sperare
1126 1401 1320 1451 iubebas,

289 1470 499 1510 Vestrum
525 1468 686 1522 aliquis
710 1469 867 1524 Stygia
889 1484 991 1511 cum
1015 1478 1245 1525 raperetur
1267 1485 1397 1526 aqua.

232 1539 458 1592 Exspecto
480 1539 585 1579 dum
611 1538 752 1579 Parca
774 1538 921 1579 colum
945 1539 1118 1580 defessa
1140 1539 1290 1582 labore

291 1607 498 1661 Depleat,
522 1606 705 1649 hamato
732 1607 807 1649 fila
828 1608 897 1649 vel
921 1622 1069 1662 ungue
1093 1616 1226 1650 secet.
1812 1621 1862 1650 10

232 1678 456 1730 Exspecto
478 1677 585 1717 dum
608 1683 786 1730 tempus
808 1677 921 1718 edax
942 1691 1021 1719 vos
1044 1679 1175 1719 dente
1198 1678 1404 1729 lacessat,

288 1745 382 1793 Vel,
404 1759 538 1799 quam
563 1752 726 1787 cuncta
748 1745 908 1788 timent
932 1747 1014 1788 sub
1040 1748 1158 1797 Iove,
1182 1747 1296 1790 falce
1319 1755 1485 1797 metat;

232 1816 352 1856 Dum
376 1815 526 1856 volvat
551 1816 752 1856 Fortuna
775 1821 936 1865 rotam,
961 1829 1094 1869 quam
1119 1830 1252 1858 caeca
1275 1818 1507 1872 gubernat,

290 1885 349 1925 Et
372 1898 519 1925 rerum
543 1883 742 1925 instabili
765 1890 911 1926 verset
934 1884 979 1925 in
1002 1886 1104 1927 orbe
1127 1885 1259 1927 vices.

231 1954 318 1995 Sed
342 1967 484 2007 neque
509 1953 649 1994 Parca
671 1967 820 2006 rapax,
843 1967 924 1995 nec
947 1954 1059 1995 edax
1082 1953 1192 1995 mihi
1214 1954 1378 2009 profuit
1401 1961 1541 2005 aetas

290 2023 384 2063 Nec
409 2023 519 2070 Dea,
541 2035 656 2076 quae
678 2021 812 2064 dubio
835 2023 917 2064 sub
939 2024 1051 2076 pede
1074 2030 1237 2065 cuncta
1259 2030 1388 2066 rotat.

231 2092 325 2140 Nec
350 2090 591 2132 Lachesis:
626 2090 721 2132 sine
743 2091 847 2140 fine,
871 2091 968 2132 fluit
992 2091 1087 2133 sine
1108 2091 1276 2134 viribus
1299 2107 1475 2135 aevum.

290 2159 470 2201 Mobilis
492 2159 677 2214 antiquo
701 2174 781 2202 nec
807 2161 904 2202 Dea
927 2175 1048 2202 more
1071 2161 1172 2203 ruit.

232 2231 324 2271 Vos
347 2244 462 2272 nova
484 2229 683 2271 decursis
706 2231 959 2271 cunctando
985 2230 1164 2272 saecula
1187 2230 1344 2273 saeclis

291 2298 498 2349 Nectitis‚
523 2306 565 2340 et
589 2313 764 2353 semper
785 2300 921 2341 cruda
944 2306 1125 2341 senecta
1146 2299 1272 2341 viret.
1808 2312 1862 2341 20

235 2368 361 2409 Dura
384 2367 501 2409 cadit
523 2369 707 2409 tandem
730 2367 888 2410 vitiata
910 2368 1106 2410 teredine
1129 2383 1330 2422 quercus

292 2437 351 2478 Et
373 2436 537 2478 cariem
561 2437 719 2478 cedrus
742 2443 900 2492 sponte
922 2436 1147 2491 situmque
1169 2437 1323 2480 trahit.

233 2505 470 2548 Cernimus
493 2505 675 2547 annosis
696 2506 808 2548 fixos
829 2505 1079 2548 cornicibus
1101 2520 1258 2557 annos,

293 2575 351 2615 Et
375 2588 456 2616 sua
479 2574 723 2628 longaevus
745 2581 949 2629 tempora
971 2589 1128 2617 cervus
1150 2575 1301 2617 habet.

234 2643 350 2698 Quid
373 2643 619 2685 durabilius
641 2644 780 2685 saxo?
815 2644 919 2698 quid
942 2643 1114 2685 firmius
1136 2644 1269 2686 aere?

293 2713 449 2766 Longa
471 2719 623 2754 tamen
646 2726 803 2754 saxum
827 2712 963 2754 vincit
987 2720 1029 2754 et
1053 2727 1155 2755 aera
1179 2713 1284 2755 dies.

196 2848 227 2878 5.
254 2838 324 2869 Rex
349 2861 356 2868 .
382 2861 389 2868 .
415 2861 422 2869 .
448 2839 572 2879 pater.]
619 2837 710 2879 King
725 2839 841 2878 James
859 2838 885 2871 Ι.
905 2838 944 2869 of
957 2837 1127 2879 England.

196 2902 227 2933 5.
253 2893 392 2932 Heres]
438 2893 521 2933 May
541 2893 583 2924 be
605 2893 711 2924 either
735 2892 854 2924 Prince
880 2893 1010 2933 Henry,
1028 2893 1086 2924 the
1102 2892 1274 2924 lamented
1291 2893 1406 2934 prince
1421 2893 1499 2925 who
1522 2892 1600 2924 died
1625 2892 1727 2934 early,
1745 2902 1781 2924 or
1805 2892 1863 2924 the

5 2954 13 2979 2
63 2946 189 2978 second
205 2957 278 2984 son,
299 2947 417 2978 Prince
435 2947 587 2984 Charles,
606 2947 803 2978 afterwards
820 2947 961 2978 Charles
979 2948 1005 2978 I.
