2594 3749
652 334 704 389 58
1434 342 1674 377 PARERGA.

824 461 893 503 Tu
915 467 1066 503 tamen
1090 461 1172 504 hoc
1196 460 1340 503 celas:
1375 460 1563 516 speciosi
1586 460 1780 504 nominis
1804 462 1961 504 umbra

884 528 1099 583 Impietas
1122 529 1289 571 crimen
1313 528 1430 571 victa
1453 530 1620 584 pudore
1642 529 1768 584 tegit.

824 596 889 639 Te
913 597 1020 639 mihi
1043 597 1263 640 connubio
1286 597 1485 639 iunctam
1510 596 1733 640 inficiare:
1768 598 1918 640 mariti

883 666 1076 717 Scilicet,
1100 667 1309 721 indignus
1331 665 1524 717 nomine,
1548 673 1700 721 raptor
1719 681 1856 710 eram.
2397 680 2451 721 90

827 734 901 776 Nil
923 742 966 777 te
989 742 1120 790 pacta
1150 736 1273 785 fides,
1297 734 1529 789 iurataque
1555 734 1774 777 numina?
1807 735 1936 778 testis

882 804 971 846 Ara
993 804 1136 846 nihil?
1170 804 1231 846 nil
1253 811 1297 846 te
1320 803 1496 857 publica
1518 810 1622 845 vota
1649 805 1861 846 movent?

828 873 919 914 Cur
940 879 1161 927 sceptrum
1185 879 1228 914 et
1251 872 1455 914 diadema
1478 871 1619 913 mihi?
1654 886 1732 914 cur
1754 886 1948 927 purpura
1970 870 2103 914 cessit

886 941 1133 996 Coniugis?
1167 942 1276 984 haec
1299 956 1324 983 a
1346 947 1389 983 te
1412 940 1597 996 pignora
1620 948 1772 996 raptor
1792 941 1941 984 habet.

829 1010 923 1051 Nec
945 1009 1025 1052 tibi
1049 1011 1164 1064 quod
1186 1010 1253 1052 vir
1274 1024 1372 1052 sum
1396 1009 1476 1051 soli
1499 1010 1708 1059 debetur;
1742 1011 1798 1052 ab
1820 1009 1926 1064 ipsis

886 1079 1008 1133 Quos
1030 1077 1184 1128 iactas,
1209 1077 1252 1119 in
1276 1085 1319 1119 te
1342 1077 1411 1119 ius
1434 1077 1542 1119 mihi
1565 1085 1734 1128 manat,
1758 1077 1867 1120 avis.

830 1146 925 1187 Iam
948 1145 1048 1196 tria,
1073 1146 1108 1188 si
1135 1146 1294 1196 nescis,
1317 1146 1539 1188 fluxerunt
1562 1145 1756 1196 saecula,
1780 1146 1902 1200 genti

887 1217 955 1256 Ex
978 1231 1064 1270 quo
1087 1223 1348 1270 perpetuum
1374 1230 1538 1270 sponsa
1560 1216 1708 1258 dicata
1731 1231 1856 1258 meae
1878 1231 1940 1258 es.

831 1285 952 1326 Neve
976 1285 1206 1339 peregrina
1229 1299 1417 1339 quaeras
1439 1286 1492 1327 de
1514 1284 1651 1340 stirpe
1678 1285 1903 1336 maritum,

889 1354 981 1395 Lex
1002 1361 1145 1403 vetus,
1169 1361 1212 1395 et
1236 1368 1399 1408 magno
1422 1355 1613 1396 Caesare
1636 1354 1783 1409 digna,
1807 1361 1944 1396 vetat.
2377 1366 2457 1395 100

833 1422 925 1463 Nec
947 1429 1067 1463 vetat
1091 1422 1173 1464 hoc
1195 1422 1385 1464 frustra:
1420 1428 1702 1477 contemptor
1723 1422 1919 1464 numinis
1941 1422 2084 1465 hostis

890 1491 990 1531 Non
1013 1490 1165 1544 procul
1187 1497 1269 1540 est,
1294 1490 1363 1532 cui
1387 1497 1435 1532 tu
1459 1492 1621 1545 praeda
1643 1490 1829 1533 subinde
1851 1491 1980 1533 fores.

833 1557 906 1598 Nil
928 1558 1022 1608 tibi,
1048 1573 1134 1612 quo
1156 1558 1269 1609 fidis,
1294 1559 1426 1601 robur
1446 1559 1641 1601 virtusve
1664 1566 1841 1601 tuorum

892 1626 1124 1677 Profuerit‚
1148 1641 1243 1677 nec,
1267 1642 1354 1681 qua
1381 1623 1571 1681 cingere,
1595 1627 1706 1670 silva
1732 1627 1867 1670 iuvet.

833 1696 977 1749 Quam
1001 1695 1129 1749 fugis,
1154 1696 1263 1737 haec
1286 1703 1463 1738 nostrae
1485 1697 1671 1738 debetur
1690 1696 1829 1751 gloria
1850 1696 1986 1752 genti,

893 1765 1027 1805 Hunc
1049 1764 1219 1806 obicem
1243 1764 1386 1806 solum
1410 1766 1624 1807 barbarus
1647 1765 1788 1807 hostis
1811 1766 1959 1807 habet.

833 1832 902 1874 Tu
925 1839 1075 1874 tamen
1099 1840 1280 1876 externo
1307 1834 1482 1888 quaeris
1504 1836 1557 1876 de
1580 1834 1796 1889 sanguine
1823 1835 2057 1877 moechum

893 1903 1115 1956 Improba,
1140 1903 1214 1957 qui
1237 1910 1413 1945 nostras
1435 1903 1523 1945 iam
1547 1903 1785 1958 populatur
1805 1918 1926 1958 opes.

835 1969 977 2024 Culpa
999 1977 1152 2012 vetus:
1187 1970 1355 2025 pridem
1378 1971 1460 2013 fuit
1484 1971 1567 2013 hac
1589 1973 1642 2013 de
1663 1978 1795 2027 gente
1817 1972 1983 2026 petitus

892 2037 971 2079 Vir
992 2038 1086 2088 tibi,
1110 2040 1187 2080 sed
1209 2039 1324 2081 votis
1347 2039 1510 2081 restitit
1533 2039 1604 2081 ille
1626 2039 1730 2081 tuis.
2380 2053 2459 2081 110

837 2107 939 2156 Fas,
963 2106 1039 2156 ait,
1064 2107 1182 2149 haud
1205 2113 1369 2158 tecum,
1394 2123 1505 2162 quas
1527 2115 1671 2162 optas,
1695 2108 1876 2163 iungere
1898 2109 2068 2158 taedas,

892 2174 1084 2217 Alterius
1107 2190 1207 2217 cum
1232 2176 1293 2217 sis
1315 2183 1446 2231 pacta
1469 2177 1629 2219 marita
1654 2184 1765 2218 toro.

836 2243 1053 2285 Aeacidae
1076 2258 1286 2299 sponsam
1315 2259 1577 2300 magnorum
1605 2247 1763 2287 ductor
1789 2245 2008 2288 Achivum

797 2412 849 2444 97.
875 2403 955 2434 Tria
971 2403 1136 2444 saecula.]
1182 2404 1283 2436 Since
1303 2406 1394 2444 1306,
1411 2405 1509 2436 when
1530 2404 1686 2448 Rudolph
1704 2404 1892 2437 succeeded
1909 2415 1946 2437 as
1965 2405 2053 2437 First
2072 2405 2164 2447 King
2186 2405 2226 2437 of
2246 2404 2412 2437 Bohemia
2427 2404 2466 2436 of

664 2457 823 2488 Austrian
850 2457 928 2490 line.

782 2521 851 2543 101.
878 2512 1100 2553 Contemptor
1117 2512 1268 2554 nimius]
1313 2513 1387 2545 The
1412 2513 1504 2545 Turk
1527 2524 1571 2545 on
1596 2514 1654 2546 the
1677 2513 1808 2551 border,
1833 2514 1986 2546 between
2005 2513 2119 2546 whom
2137 2513 2203 2546 and
2222 2513 2387 2545 Bohemia
2403 2513 2461 2544 the

666 2565 787 2606 Duchy
803 2566 843 2596 of
861 2566 998 2597 Austria
1014 2577 1130 2598 comes
1148 2567 1180 2598 in
1198 2578 1235 2599 as
1251 2578 1293 2599 an
1313 2572 1332 2585 ‘⁸
1344 2569 1430 2600 obex
1443 2570 1460 2582 '⁹
1477 2579 1513 2600 or
1532 2572 1551 2585 “
1565 2568 1689 2600 barrier
1702 2570 1731 2600 '’.

782 2629 852 2659 104.
878 2621 953 2662 Qua
969 2620 1104 2662 cingere
1121 2621 1232 2662 silva]
1279 2622 1395 2653 Refers
1411 2628 1445 2653 to
1462 2622 1519 2653 the
1536 2622 1713 2654 mountain
1731 2622 1852 2654 sorests
1869 2621 2017 2664 girdling
2034 2621 2210 2654 Bohemia.

782 2684 852 2714 ¹05·
878 2675 987 2716 Quam
1006 2675 1124 2717 sugis]
1169 2680 1188 2693 ‘⁶
1206 2676 1284 2707 Scil.
1302 2682 1438 2708 nostrae
1456 2677 1585 2718 genti,’'
1603 2677 1714 2708 which
1732 2677 1759 2708 is
1776 2677 1977 2714 antecedent,
1995 2676 2126 2718 though
2143 2676 2281 2717 coming
2297 2676 2392 2708 after.

784 2739 853 2768 109.
879 2730 988 2771 Culpa
1004 2732 1130 2770 vetus.]
1190 2731 1337 2772 Perhaps
1354 2741 1396 2763 an
1414 2731 1560 2763 allusion
1577 2737 1613 2763 to
1629 2731 1686 2763 the
1703 2738 1884 2763 treatment
1900 2731 1940 2763 of
1958 2741 1978 2763 a
2001 2731 2113 2763 samed
2138 2730 2369 2772 Hapsbmger,
2385 2730 2463 2768 viz„

668 2784 832 2815 Matthias
850 2784 1030 2825 (1612—19),
1046 2785 1124 2817 who
1148 2785 1264 2817 seated
1288 2786 1427 2818 himself
1445 2797 1489 2819 on
1514 2787 1572 2819 the
1595 2787 1717 2818 throne
1741 2787 1780 2818 os
1799 2786 1976 2824 Bohemia,
1993 2786 2060 2818 and
2081 2785 2240 2818 favoured
2257 2786 2315 2817 the
2333 2786 2462 2817 Protes-

666 2843 768 2870 tants.

785 2902 853 2933 113.
882 2893 1010 2925 Ductor
1031 2893 1228 2934 Achivum]
1273 2895 1522 2936 Agamemnon,
1549 2895 1626 2927 who
1651 2895 1778 2926 carried
1802 2895 1852 2926 off
1874 2894 1998 2927 Briseis
2023 2894 2206 2934 (Aeacidae
2229 2892 2379 2936 sponsa),
2406 2893 2464 2925 the

668 2946 807 2977 beloved
825 2947 864 2978 os
883 2947 1043 2980 Achilles.
