2594 3749
736 327 910 359 SATIRE
944 327 1010 359 ΟΝ
1046 326 1310 358 EGLISHEM.

295 445 470 489 Littora
492 452 623 488 taxus
646 445 779 487 habet
804 443 948 486 saevis
971 443 1239 486 densissima
1264 443 1425 490 baccis,

354 516 413 557 Et
436 513 583 569 gravis
606 514 872 556 incumbens
894 513 1064 567 obtegit
1088 513 1245 554 umbra
1267 513 1430 554 lacum.

297 585 482 639 Propter
503 597 658 638 aquaS,
684 582 864 625 meliore
888 582 996 631 solo,
1021 581 1278 623 melioribus
1301 580 1432 622 undis

353 652 516 707 Digna,
542 666 622 694 suo
645 651 813 706 passim
840 650 1028 693 Mentha
1055 664 1209 692 cruore
1235 651 1378 691 rubet.

296 723 422 764 Haec
447 728 544 764 sata
567 722 737 776 Cocyto
760 721 1000 775 quondam,
1026 733 1143 761 nunc
1167 717 1325 760 crescit
1349 718 1392 759 in
1416 718 1598 759 herbam

351 791 506 840 Versa,
534 790 652 832 Iovis
676 789 818 845 Stygii
840 789 958 831 furta
981 788 1132 843 puella
1155 788 1298 829 luens.

295 860 466 914 Stagna
488 866 630 901 ratem
655 858 822 900 circum
847 863 967 900 stant
991 863 1088 899 atro
1110 855 1316 910 squalida
1337 856 1456 905 tabo,

352 928 411 970 Et
435 926 579 982 putris
602 941 711 968 aura
733 925 846 968 truci
871 933 994 980 peste
1017 931 1208 967 venenat
1231 924 1436 966 humum.

295 996 455 1039 Limus
477 996 595 1038 iners
619 995 802 1050 passim,
827 994 995 1049 passim
1023 994 1263 1036 volvuntur
1288 1006 1464 1041 arenae,

353 1067 477 1120 Quas
498 1063 765 1106 Acherontei
787 1062 978 1117 gurgitis
1000 1063 1119 1104 unda
1141 1060 1296 1103 vomit.

296 1134 383 1177 His
405 1134 596 1176 multum
621 1133 816 1187 limoque
839 1146 972 1174 senex
995 1132 1192 1174 luctatus
1215 1137 1257 1173 et
1281 1129 1426 1179 undis,

354 1204 405 1244 In
431 1201 611 1258 Stygias
633 1203 814 1244 tandem
837 1201 958 1242 venit
982 1200 1170 1242 anhelus
1193 1213 1350 1254 aquaS.

295 1272 417 1314 Vidit
441 1279 488 1314 ut
512 1271 741 1313 Aeolidem
767 1271 877 1326 Styx
900 1269 1212 1324 implacabilis,
1238 1269 1357 1310 unda

355 1340 606 1390 Detumuit,
631 1340 788 1382 solitae
811 1342 1070 1382 detumuere
1093 1338 1255 1380 minae.

296 1411 476 1465 Hospes
497 1416 653 1464 gratus
676 1415 786 1459 erat,
810 1407 1199 1462 consanguinitate
1222 1405 1524 1461 propinquus:

353 1479 528 1535 Quippe
551 1479 806 1521 Acheronta
828 1484 1001 1533 patrem
1027 1478 1137 1532 Styx
1158 1483 1305 1525 vocat,
1329 1475 1493 1529 hospes
1515 1487 1664 1516 avum.

298 1548 418 1590 Hinc
441 1555 575 1602 atque
597 1547 702 1589 hinc
725 1561 857 1601 rupes
880 1554 1039 1601 stagno
1062 1545 1363 1600 impendebat,
1388 1551 1430 1585 et
1455 1543 1613 1597 ingens

354 1617 490 1667 Silva,
514 1616 604 1659 tuis
626 1617 825 1666 horrens,
852 1622 1025 1657 moesta
1052 1628 1276 1669 cupresse‚
1301 1612 1457 1656 comis.

296 1687 520 1729 Errabant
542 1692 701 1728 tenues
724 1685 814 1727 illic
837 1684 932 1727 sine
955 1698 1135 1739 corpore
1161 1682 1294 1733 vitae,

354 1754 518 1798 Nescio
541 1754 647 1810 quid
669 1754 791 1797 visae
814 1768 892 1809 per
913 1754 1011 1796 loca
1033 1767 1166 1795 caeca
1189 1751 1328 1807 queri.

298 1824 357 1867 Et
382 1824 554 1879 Striges
576 1830 619 1866 et
643 1822 958 1878 spinturniees,
982 1829 1025 1865 et
1049 1822 1176 1864 foeda
1200 1821 1410 1870 Celaeno,

356 1892 673 1948 Harpyiaeque
697 1891 810 1934 aliae
833 1891 980 1934 tristia
1003 1890 1132 1946 signa
1155 1890 1338 1932 dabant.

297 1961 415 2017 Quin
439 1969 482 2004 et
506 1961 623 2003 iners
646 1962 777 2011 bubo,
802 1960 947 2003 dirum
972 1959 1235 2002 mortalibus
1258 1971 1404 2007 omen,

354 2030 464 2072 Visa
486 2037 636 2073 truces
657 2029 828 2084 gemitu
852 2028 1153 2085 praecinuisse
1176 2042 1323 2070 neces.

299 2100 441 2142 Parva
463 2099 562 2142 lacu
585 2099 630 2141 in
653 2099 799 2141 medio
821 2098 966 2141 tonsis
987 2097 1107 2140 volat
1131 2104 1232 2139 acta
1255 2095 1482 2150 phaselus,

355 2170 415 2212 Et
439 2169 522 2212 sibi
545 2170 754 2212 cedentes
776 2168 929 2211 navita
952 2167 1095 2210 sulcat
1119 2180 1274 2221 aquas.

298 2239 583 2294 Stagnicolae
607 2239 774 2281 circum
798 2238 957 2280 ludunt
981 2237 1025 2279 in
1049 2236 1226 2292 gurgite
1248 2235 1429 2284 formae,

356 2307 727 2363 Stagnicolasque
751 2307 866 2349 inter
888 2306 1014 2349 rhaia
1041 2305 1215 2348 marina
1240 2318 1411 2359 greges,

296 2377 626 2431 Adsultantque
649 2376 801 2431 nigrae
824 2390 958 2418 rauco
981 2389 1084 2418 curn
1107 2387 1335 2416 murmure
1358 2385 1508 2422 ranae,

356 2446 416 2487 Et
440 2445 608 2500 passim
632 2446 785 2488 crebro
809 2444 960 2487 sibilat
984 2458 1129 2499 angue
1153 2443 1297 2498 palus.

298 2515 368 2557 De
389 2515 533 2557 tribus
555 2528 645 2557 una
667 2514 796 2569 palus
819 2521 1036 2569 superest,
1062 2513 1105 2554 in
1128 2512 1333 2555 faucibus
1358 2510 1488 2560 Orci3

357 2585 484 2626 Haec
507 2584 711 2626 Acheron
734 2583 850 2639 regis
873 2583 1054 2625 nomine
1077 2583 1196 2625 dicta
1219 2581 1287 2623 sui
1311 2588 1393 2623 est.

300 2653 432 2695 Hanc
455 2652 806 2695 Acherontiades
829 2652 1026 2702 subiens,
1050 2650 1309 2706 patriosque
1332 2656 1533 2704 penates,

356 2721 532 2778 Quique
555 2722 688 2764 dabat
713 2728 873 2776 stagno
896 2721 1006 2771 iura,
1032 2721 1199 2763 salutat
1223 2733 1370 2761 avum.

299 2789 474 2832 Littora
496 2804 599 2832 mox
621 2796 844 2845 spectans,
871 2788 968 2832 Illic
991 2795 1217 2832 mactatus
1243 2787 1424 2836 asellus,

359 2859 458 2900 Hac
482 2872 563 2912 ego
585 2859 639 2900 de
662 2858 816 2912 spoliis
839 2872 938 2900 sum
963 2858 1119 2899 scrobe
1141 2863 1290 2905 natus,
1315 2855 1392 2896 ait.

687 2937 761 2968 268.
789 2937 960 2976 Mentha]
1007 2935 1105 2976 Ovid,
1126 2935 1225 2972 Met„
1242 2934 1283 2967 X.
1304 2934 1379 2976 728.

1020 2992 1046 3022 F

1871 328 1920 368 41

1845 797 1926 837 270

1849 1471 1930 1512 280

1849 2172 1931 2215 290

1852 2862 1934 2902 300
