2594 3749
700 342 753 386 70
1488 337 1723 371 PARERGA.

873 456 991 498 Huic
1014 457 1174 498 subdat
1198 471 1244 498 se
1268 471 1393 498 serva
1417 455 1544 511 iugo;
1579 471 1692 511 quae
1715 455 1852 498 libera
1876 455 2014 504 nubit,

928 525 1110 568 Obtinet
1134 524 1380 579 antiquum,
1403 532 1445 566 et
1469 525 1605 567 libera
1628 532 1767 579 nupta
1792 530 1957 566 manet.

872 595 916 636 Si
940 601 1069 636 vacat
1093 594 1278 636 annales
1301 601 1343 636 et
1367 600 1493 648 gesta
1516 594 1753 644 revolvere,
1779 593 1917 635 nostri

930 663 1159 717 Exemplis
1182 669 1389 717 poterunt
1413 662 1508 705 iura
1531 670 1684 717 patere
1706 661 1806 705 tori.

870 733 986 774 Ante
1008 732 1072 773 tui
1096 731 1268 782 similis,
1293 731 1538 782 Saravicto‚
1563 746 1695 786 saepe
1718 730 1904 773 maritus

929 801 1125 855 Obtigit;
1159 807 1204 842 at
1228 800 1335 842 iussi
1359 815 1428 842 res
1451 800 1533 843 sibi
1557 801 1719 842 habere
1747 815 1866 842 suas.

873 871 948 911 Ius
971 871 1026 912 ab
1049 869 1144 911 avis
1165 869 1328 911 frustra
1351 869 1513 923 repetis
1533 885 1541 910 :
1576 869 1674 923 quis
1696 869 1809 911 velle
1832 875 2039 924 parentes

929 937 1174 981 Crediderit
1198 944 1351 980 natam
1376 938 1632 980 consociare
1656 938 1793 992 lupo?
2417 935 2497 977 160

872 1009 966 1049 Nec
989 1013 1066 1048 tua
1090 1021 1159 1048 me
1182 1013 1316 1048 terret
1341 1008 1506 1059 Gorgo,
1531 1006 1599 1048 lex
1623 1006 1855 1055 Caesaris;
1889 1005 1979 1055 illa,

930 1076 1062 1118 Bulla
1084 1076 1220 1125 velut,
1245 1075 1422 1130 propria
1444 1075 1656 1117 futilitate
1679 1074 1782 1117 ruit.

871 1146 962 1187 Sub
986 1159 1066 1186 sua
1089 1143 1378 1198 quantumvis
1400 1143 1504 1198 iuga
1527 1143 1698 1186 miserit
1721 1143 1872 1186 omnia
1895 1145 2075 1193 Caesar,

931 1215 1008 1256 Ius
1029 1221 1180 1255 tamen
1204 1213 1247 1254 in
1271 1213 1497 1255 thalamos
1519 1227 1608 1255 non
1631 1213 1766 1255 habet
1790 1213 1863 1255 ille
1887 1227 2024 1254 meos.

873 1284 959 1325 Sed
981 1283 1050 1325 fac
1074 1282 1263 1331 habere;
1298 1296 1405 1324 suae
1427 1282 1496 1324 fac
1519 1282 1778 1336 promisisse
1802 1281 2011 1324 maritam

931 1352 1003 1394 Me
1027 1351 1183 1401 soboli,
1209 1351 1318 1392 mihi
1342 1350 1408 1393 vir
1429 1357 1477 1393 tu
1500 1357 1653 1393 tamen
1677 1366 1775 1393 esse
1797 1351 1966 1405 nequis.

871 1422 1062 1463 Caesare
1085 1419 1290 1474 prognati
1313 1419 1462 1474 plures
1483 1426 1527 1461 te
1550 1419 1643 1461 iure
1665 1419 1848 1474 priores,

930 1489 1154 1532 Nascendi
1179 1488 1213 1530 si
1238 1488 1342 1543 quid
1364 1495 1542 1543 tempus
1565 1495 1607 1530 et
1631 1490 1737 1531 ordo
1761 1495 1921 1543 potest.

873 1560 987 1609 Hoc,
1012 1559 1159 1612 plures
1182 1558 1310 1607 inter,
1335 1557 1516 1600 Cimber
1536 1557 1604 1599 ius
1627 1557 1813 1608 obtinet,
1837 1564 1879 1600 et
1903 1558 2019 1612 quod

929 1628 1107 1671 Cimber
1128 1627 1277 1677 habet,
1301 1641 1464 1681 sponso
1488 1626 1557 1669 ius
1578 1628 1654 1669 dat
1679 1627 1805 1669 Elisa
1828 1641 1942 1669 meo.
2419 1637 2498 1678 170

873 1698 966 1739 Nec
990 1696 1099 1738 mihi
1123 1697 1175 1738 de
1199 1696 1349 1751 sponsi
1373 1696 1608 1750 quaesitus
1631 1696 1849 1751 sanguine
1872 1695 2063 1738 coniunx

931 1766 1127 1815 Restitit,
1152 1772 1200 1807 ut
1224 1765 1368 1820 fingis,
1393 1766 1509 1819 quod
1531 1765 1610 1807 tibi
1634 1772 1766 1820 pacta
1787 1766 1942 1807 forem.

872 1835 976 1876 Sola
1000 1834 1255 1889 superstitio
1277 1833 1417 1876 vetuit
1441 1833 1549 1875 mihi
1572 1834 1754 1889 iungere
1775 1836 1957 1877 taedas:

930 1905 1024 1945 Nec
1049 1903 1172 1953 mihi,
1197 1904 1273 1945 sed
1297 1903 1435 1945 sacris
1457 1903 1619 1944 restitit
1643 1903 1716 1945 ille
1739 1903 1865 1946 meis.

872 1972 1147 2027 Simplicitas
1169 1972 1278 2014 haec
1300 1971 1434 2026 digna
1460 1971 1552 2026 pati
1580 1972 1796 2021 ludibria;
1830 1978 1982 2014 nostro

930 2043 1075 2084 Corda
1097 2041 1189 2083 viro
1211 2047 1419 2083 constant
1442 2041 1657 2083 nobiliore
1680 2042 1788 2083 luto.

874 2112 1022 2160 Hunc,
1047 2109 1233 2165 sceptris
1257 2109 1373 2152 elate
1395 2109 1499 2160 tuis,
1525 2123 1579 2151 ne
1601 2109 1804 2164 despice:
1839 2116 2041 2165 possunt,

928 2180 1053 2234 Quae
1075 2178 1205 2233 geris,
1230 2178 1348 2220 illius
1372 2184 1546 2232 sceptra
1568 2179 1723 2220 decere
1746 2193 1921 2220 manus.

873 2248 1094 2290 Caesareo
1117 2246 1152 2289 si
1175 2253 1219 2289 te
1242 2253 1507 2301 prognatum
1531 2246 1749 2301 sanguine
1772 2247 1939 2289 iactas:

929 2315 1197 2359 Caesaribus
1219 2315 1411 2357 coniunx
1434 2322 1500 2357 est
1523 2315 1736 2357 oriundus
1760 2315 1868 2357 avis.
2418 2314 2498 2355 180

874 2384 1029 2426 Munia
1052 2384 1088 2425 si
1111 2384 1298 2433 confers,
1323 2390 1371 2425 tu
1394 2383 1517 2437 regni
1541 2383 1794 2438 sceptrifer:
1828 2383 1915 2433 ille,

931 2454 1062 2494 Ferre
1085 2453 1222 2507 dapes
1245 2451 1417 2502 solitus,
1442 2457 1617 2506 sceptra
1643 2452 1822 2494 ferenda
1845 2451 1978 2494 dedit.

873 2522 966 2564 Nec
990 2520 1139 2562 minus
1161 2521 1294 2570 hunc,
1319 2534 1453 2575 quam
1476 2526 1534 2570 te,
1559 2526 1727 2562 metuet
1750 2520 2053 2562 conterminus
2076 2519 2231 2569 hostis,

818 2664 886 2702 169.
913 2661 1078 2703 Cimber.]
1124 2661 1215 2703 King
1231 2662 1270 2693 os
1291 2661 1474 2699 Denmark,
1492 2661 1590 2694 uncle
1607 2662 1647 2694 of
1668 2662 1822 2694 Princess
1848 2661 2038 2699 Elizabeffl,
2057 2661 2113 2692 the
2130 2661 2206 2693 wife
2224 2661 2263 2692 os
2281 2660 2337 2691 the
2363 2660 2497 2691 Elector

700 2717 765 2748 and
784 2717 898 2748 titulat
915 2727 1023 2759 queen
1041 2717 1081 2749 of
1095 2716 1269 2749 Bohemia.

818 2773 887 2802 182.
914 2771 986 2809 Ille,
1001 2772 1085 2803 serre
1101 2770 1206 2812 dapes
1222 2770 1371 2811 solitus]
1417 2771 1491 2802 The
1510 2771 1645 2802 Elector
1671 2771 1836 2808 Palafine,
1854 2771 1931 2802 who
1955 2780 2025 2801 was
2049 2775 2068 2787 ‘⁴
2085 2770 2172 2801 First
2198 2769 2332 2800 Elector
2347 2769 2364 2783 ’'
2382 2769 2421 2800 of
2439 2769 2496 2800 the

703 2825 795 2865 Holy
815 2826 945 2856 Roman
964 2825 1111 2867 Empire,
1129 2825 1196 2856 had
1213 2825 1270 2856 the
1286 2825 1383 2856 office
1403 2825 1442 2856 of
1455 2825 1570 2856 Sancti
1592 2825 1735 2856 Romani
1755 2825 1889 2866 Imperii
1907 2823 2147 2866 Archidc'zpejscr
2159 2837 2187 2851 =
2206 2827 2224 2840 ‘⁴
2236 2823 2446 2854 Arch-sewer
2459 2824 2496 2853 '':

700 2879 742 2921 cf.
758 2880 817 2912 VI.
832 2889 882 2919 24.
921 2881 968 2912 So
985 2890 1045 2911 our
1062 2890 1138 2911 own
1154 2880 1316 2911 Stewarts
1332 2889 1431 2916 were,
1443 2879 1475 2910 in
1489 2879 1575 2911 their
1589 2880 1682 2920 early
1696 2879 1850 2910 Fitzalan
1867 2879 1960 2916 time,
1979 2878 2166 2920 “Dapifcri
2178 2877 2267 2919 regis
2281 2878 2495 2914 Scotorum,'⁷

700 2944 736 2966 as
754 2934 785 2964 in
806 2934 946 2976 Laing⁷s
963 2935 1070 2972 Scals,
1090 2935 1116 2967 1.
1136 2936 1208 2976 769,
1227 2941 1290 2966 etc.
1339 2934 1554 2966 Senescallus
1571 2934 1637 2966 and
1657 2934 1795 2975 Dapifer
1812 2943 1868 2965 are
1886 2932 2184 2974 interchangeable
2200 2931 2302 2964 titles-

2557 3153 2566 3452 A—-—..—--.
