2594 3749
699 304 780 332 200
1453 301 1692 334 PARERGA.

759 869 933 909 XXXI.
967 869 1050 910 AD
1087 869 1382 919 EUNDEM,
1420 870 1503 910 NE
1542 868 1840 912 POEMATA
1876 869 2179 912 IONSTONI
2218 871 2426 914 PRELO

1396 950 1473 992 CO
1482 950 1525 990 M
1536 949 1579 990 M
1589 948 1791 990 ITTAT.

865 1095 1011 1142 Scote,
1037 1092 1156 1147 quid,
1182 1093 1282 1143 heu,
1309 1091 1483 1133 merui?
1546 1091 1722 1133 Veteris
1745 1106 1823 1134 cur
1845 1106 2005 1134 nomen
2030 1093 2161 1135 amici

923 1164 1092 1205 Saevus
1115 1161 1158 1202 in
1181 1160 1464 1216 opprobrium
1489 1160 1818 1214 ludibriumque
1841 1161 2014 1203 trahis?

865 1234 988 1288 Quae
1012 1230 1119 1272 mihi
1144 1245 1251 1285 rupe
1274 1244 1401 1271 sacra
1424 1230 1575 1283 procul
1599 1236 1640 1271 et
1663 1229 1865 1271 felicibus
1889 1230 2019 1272 undis

922 1301 1207 1350 Exciderant,
1231 1313 1310 1341 cur
1330 1313 1447 1341 nunc
1471 1298 1613 1340 mittis
1636 1298 1679 1339 in
1703 1313 1779 1340 ora
1801 1299 1943 1341 virdm
1963 1301 1978 1341 ’Β

864 1375 988 1428 Quae
1011 1369 1131 1418 mihi,
1154 1383 1266 1423 quae
1292 1368 1435 1410 Musis
1458 1368 1612 1418 cecini,
1638 1383 1716 1410 cur
1738 1369 1915 1423 publica
1938 1370 2065 1420 fiunt,

921 1442 1014 1482 Nec
1038 1438 1160 1488 mihi,
1186 1452 1266 1479 nec
1292 1437 1436 1479 Musis
1458 1444 1586 1491 grata
1608 1438 1757 1479 futura
1781 1438 1923 1480 meis?

860 1509 1028 1553 Artifici
1053 1508 1169 1550 male
1192 1507 1263 1557 sit,
1288 1521 1439 1549 sacros
1462 1506 1535 1561 qui
1559 1506 1728 1561 primus
1751 1507 1794 1548 in
1819 1523 1926 1549 usus

917 1577 1168 1621 Transtulit
1191 1575 1350 1618 audaci
1373 1576 1513 1618 ferrea
1535 1576 1658 1630 prela
1681 1590 1832 1618 manu.

861 1652 954 1692 Ista
977 1649 1219 1690 lacertosos
1241 1646 1366 1687 decet
1390 1652 1669 1688 armamenta
1692 1645 1874 1688 colonos

917 1721 1152 1774 Quaerere,
1177 1715 1251 1769 qui
1274 1716 1384 1756 duro
1407 1715 1608 1756 membra
1630 1715 1779 1756 labore
1802 1721 1965 1757 terunt.

861 1789 960 1838 His,
986 1787 1058 1829 ubi
1082 1785 1269 1828 maturis
1291 1785 1536 1826 rubuerunt
1560 1784 1728 1827 solibus
1750 1800 1875 1834 uvae,

918 1858 1003 1900 His
1025 1863 1103 1898 tua
1125 1855 1329 1903 debebat,
1358 1853 1521 1903 Pallas,
1545 1853 1662 1895 oliva
1685 1853 1840 1908 premi.

856 1930 973 1983 Apta
996 1926 1144 1968 minus
1170 1923 1334 1966 Phoebi
1358 1931 1461 1966 sunt
1484 1923 1724 1965 torcularia
1746 1923 1887 1974 donis,

914 1999 1031 2051 Apta
1055 1997 1355 2038 Camenarum
1383 1999 1486 2035 sunt
1514 1992 1661 2034 minus
1684 1992 1760 2034 illa
1783 1993 1934 2035 sacris.

856 2065 1082 2114 Carmina,
1107 2078 1285 2105 secessu
1309 2077 1422 2116 quae
1444 2062 1737 2111 delectantur,
1763 2061 1806 2103 in
1830 2076 2000 2112 omnes,

916 2138 1000 2178 Pro
1024 2135 1177 2189 pudor,
1202 2133 1378 2174 illorum
1406 2131 1732 2173 distribuuntur
1754 2146 1850 2186 ope.

858 2209 957 2249 Non
982 2206 1044 2248 ita
1065 2203 1237 2257 vulgari
1261 2217 1342 2244 sua
1364 2202 1457 2244 vult
1481 2215 1608 2243 sacra
1630 2201 1841 2243 carminis
1864 2208 2033 2251 auctor,

915 2275 999 2331 Qui
1023 2275 1126 2328 iuga
1148 2279 1347 2314 semotae
1370 2269 1491 2325 rupis
1514 2277 1556 2312 et
1580 2277 1708 2312 antra
1731 2270 1850 2312 colit.

856 2348 956 2388 Non
980 2345 1042 2386 ita
1064 2340 1270 2397 prostitui
1293 2342 1451 2382 doctae
1473 2353 1673 2380 meruere
1695 2353 1883 2388 sorores,

913 2417 1035 2470 Quas
1057 2413 1179 2454 iuvat
1203 2410 1372 2452 intacta
1394 2408 1649 2463 virginitate
1672 2407 1770 2450 frui.

856 2483 993 2527 Icaris
1016 2489 1063 2524 ut
1086 2482 1262 2524 turbam
1287 2478 1367 2521 fuit
1391 2484 1596 2520 aversata
1618 2491 1867 2531 procorum,

912 2554 971 2594 Et
997 2550 1116 2593 Iovis
1137 2550 1284 2590 illotas
1307 2546 1448 2590 arcuit
1473 2560 1549 2589 ara
1572 2560 1758 2595 manus;

854 2622 927 2665 Sic
949 2621 1022 2675 pia
1045 2633 1153 2674 gens
1175 2625 1328 2659 vatum
1353 2615 1464 2658 vitat
1488 2614 1755 2657 commercia
1777 2614 1912 2668 vulgi,

988 2767 1018 2797 3.
1046 2758 1140 2797 Rupe
1157 2756 1277 2794 sacra.]
1333 2754 1522 2784 Parnassus
1538 2751 1606 2783 and
1623 2751 1784 2783 Castalia.

970 2822 1017 2852 13.
1042 2809 1267 2848 Torcularia]
1312 2807 1386 2838 The
1403 2807 1567 2847 exigency
1583 2806 1622 2837 of
1633 2805 1690 2837 the
1708 2811 1813 2837 mette
1829 2804 1891 2836 has
1908 2803 2115 2845 lengthened
2132 2814 2162 2834 u.

969 2877 1017 2906 19.
1045 2866 1175 2896 Doctae
1193 2861 1351 2900 sorores]
1396 2861 1470 2892 The
1487 2860 1565 2892 nine
1584 2860 1712 2892 Muses.

967 2931 1018 2953 21.
1044 2919 1176 2959 lcaris.]
1222 2917 1402 2958 Penelope.
