2594 3749
689 329 770 370 144

1464 326 1705 360 PARERGA.

862 444 955 485 Nec
979 443 1154 494 meruit,
1179 458 1289 498 quas
1312 443 1404 486 iure
1427 444 1507 486 luit
1531 459 1609 498 pro
1633 443 1817 486 crimine
1841 459 2007 499 poenas

917 511 1153 562 Tantalus,
1177 512 1221 554 in
1250 512 1408 554 mediis
1430 527 1560 567 quem
1584 512 1682 555 sitis
1705 512 1791 555 urit
1814 513 1955 567 aquis.

862 581 947 623 Sed
971 581 1140 622 nullam
1163 586 1270 623 tunc
1293 581 1410 636 finge
1432 581 1552 623 sitim
1571 597 1580 623 :
1614 581 1714 636 quis
1736 588 1886 636 posset
1912 581 2075 630 Iacchi,

921 650 983 692 Ut
1006 649 1171 704 cupiat,
1196 649 1342 692 succis
1364 650 1634 693 abstinuisse
1661 651 1856 692 manus?

861 717 1026 760 Nescio
1049 732 1134 772 qua
1157 718 1301 773 rapiat
1324 719 1467 773 liquor
1489 719 1560 761 hic
1583 719 1817 762 dulcedine
1841 725 2028 769 mentes,

920 787 1064 830 Officii
1089 802 1310 830 memores
1332 802 1413 830 nec
1437 787 1542 830 sinit
1565 803 1662 831 esse
1686 788 1768 830 sui.

863 857 1005 910 Saepe
1028 870 1148 898 mero
1171 856 1302 911 prisci
1326 856 1467 898 virtus
1490 857 1712 899 immensa
1735 857 1922 900 Catonis

920 924 1097 966 Dicitur
1118 932 1223 967 ante
1247 940 1351 967 suos
1374 925 1613 968 incaluisse
1636 927 1765 968 lares.

862 994 1037 1049 Quique
1061 994 1142 1036 sibi
1166 1002 1307 1036 terras
1330 994 1434 1036 olim
1459 995 1647 1037 subiecit
1671 1002 1713 1037 et
1737 997 1894 1045 undas,

921 1065 1113 1115 Bacche,
1137 1064 1202 1106 tui
1229 1066 1416 1107 Macedo
1438 1065 1583 1107 victus
1605 1080 1756 1107 amore
1778 1065 1874 1107 fuit.

863 1133 1038 1175 Ennius
1061 1133 1154 1188 ipse
1177 1133 1321 1184 bibax,
1345 1140 1387 1175 et
1411 1140 1504 1176 erat
1527 1134 1710 1176 vinosus
1735 1136 1976 1184 Homerus,

919 1202 1036 1244 Tota
1058 1202 1160 1244 licet
1184 1208 1362 1257 praesto
1386 1202 1582 1245 Castalis
1605 1204 1724 1245 unda
1745 1204 1871 1245 foret.

864 1274 986 1328 Quos
1009 1271 1165 1313 sitiunt
1189 1272 1290 1314 belli
1314 1287 1518 1326 proceres
1540 1279 1582 1314 et
1605 1273 1728 1327 pacis
1751 1273 1936 1324 alumni,

922 1342 1020 1383 Hos
1043 1341 1198 1383 latices
1221 1348 1384 1383 nautas
1407 1356 1484 1383 cur
1505 1341 1708 1396 tetigisse
1731 1342 1889 1384 nefas?

864 1412 1015 1461 Nulla,
1039 1411 1307 1454 Caledonios
1329 1411 1457 1462 inter,
1481 1426 1592 1466 gens
1614 1411 1772 1454 siccior
1793 1412 1868 1454 illa
1891 1419 1973 1462 est,

921 1480 1057 1522 Nulla
1080 1480 1222 1534 magis
1246 1481 1414 1523 Bacchi
1437 1482 1553 1523 dona
1576 1481 1780 1524 bimatris
1802 1488 1939 1524 amat.

864 1550 1058 1592 Nautica
1080 1565 1190 1605 gens
1212 1551 1358 1606 ipsum
1383 1566 1469 1605 quo
1492 1551 1685 1606 primum
1710 1558 1910 1607 tempore
1935 1552 2165 1594 Bacchum

921 1619 1058 1669 Vidit,
1082 1620 1228 1662 adhuc
1252 1635 1439 1675 puerum
1462 1621 1600 1662 fertur
1621 1635 1799 1663 amasse
1825 1622 1986 1663 Deum.

865 1688 960 1738 Ille,
985 1703 1107 1730 mero
1131 1703 1376 1744 somnoque
1398 1689 1559 1744 gravis,
1584 1691 1800 1732 stertebat
1824 1690 1868 1731 in
1891 1691 2063 1740 umbra,

923 1756 1010 1799 Hic
1034 1757 1107 1799 ubi
1132 1757 1246 1800 Chia
1269 1758 1380 1800 mari
1402 1757 1603 1812 proxima
1625 1758 1736 1800 ridet
1760 1758 1950 1800 humus:

864 1828 1116 1881 Conspecto
1139 1826 1294 1881 gavisa
1319 1828 1416 1869 Deo
1439 1833 1505 1869 est
1530 1827 1759 1882 Neptunia
1782 1829 1936 1882 pubeS,

922 1896 1015 1938 Nec
1039 1910 1177 1946 mora,
1202 1896 1379 1939 sublato
1402 1896 1598 1947 numine,
1622 1897 1720 1939 vela
1742 1896 1876 1939 dedit.

865 1965 1073 2006 Bacchus
1095 1965 1241 2007 adhuc
1265 1964 1485 2015 madidus,
1513 1965 1642 2007 rideri
1666 1980 1713 2007 se
1735 1971 1874 2015 ratus,
1899 1965 1988 2007 iras

923 2033 1090 2084 Induit,
1116 2041 1158 2076 et
1181 2041 1343 2076 nautas
1365 2049 1466 2076 cum
1491 2040 1585 2076 rate
1609 2034 1761 2077 mersit
1785 2034 1926 2088 aquis.

866 2103 1070 2145 Praemia
1094 2105 1169 2145 sed
1193 2104 1353 2145 meruit
1384 2103 1553 2158 pietas:
1588 2104 1669 2146 hos
1695 2103 1891 2158 piscibus
1913 2103 2034 2146 addit

923 2172 1136 2226 Iuppiter,
1161 2187 1379 2226 aequoreo
1402 2172 1744 2226 praeposuitque
1766 2172 1902 2228 gregi.

867 2242 998 2283 Nunc
1022 2255 1211 2295 quoque,
1236 2248 1361 2284 muta
1384 2241 1502 2292 licet,
1526 2241 1658 2283 sociis
1681 2242 1934 2296 praedicere
1956 2247 2128 2291 ventos,

925 2311 1048 2352 More
1072 2310 1195 2365 prius
1218 2317 1359 2360 sueto,
1384 2310 1584 2365 praescia
1606 2311 1735 2352 turba
1762 2310 1889 2352 solet.

867 2379 1041 2434 Quique
1063 2385 1185 2420 tenet
1209 2379 1398 2429 caelum,
1423 2393 1510 2421 non
1533 2379 1650 2420 vexit
1670 2378 1835 2421 Ariona
1859 2378 2071 2433 Delphin,

924 2448 1011 2489 Sed
1033 2447 1181 2502 gregis
1203 2447 1334 2489 istius
1356 2462 1472 2502 pars,
1497 2462 1607 2498 reor,
1633 2462 1721 2490 una
1743 2447 1840 2489 fuit.

868 2517 994 2558 Haec
1016 2516 1094 2558 tibi
1119 2516 1154 2557 si
1178 2522 1419 2571 nequeunt,
1446 2516 1664 2567 Mennesi,
1688 2517 1866 2559 flectere
1890 2523 2101 2567 mentem,

923 2587 983 2628 Et
1007 2586 1123 2641 rigor
1145 2586 1188 2628 in
1212 2593 1389 2637 nautas,
1414 2586 1488 2641 qui
1511 2586 1592 2629 fuit
1615 2593 1735 2638 ante,
1759 2593 1936 2629 manet:

811 2774 882 2807 127.
907 2766 1078 2807 Catonis]
1123 2766 1279 2799 Allusion
1296 2772 1332 2799 to
1352 2767 1499 2807 Horace,
1520 2768 1618 2805 Odes,
1638 2768 1703 2799 III.
1723 2776 1830 2799 21·11.

811 2829 881 2859 131.
907 2820 1056 2852 Vinosus
1074 2821 1274 2863 Homerus.]
1320 2821 1477 2854 Allusion
1495 2828 1530 2854 to
1549 2823 1696 2860 Horace,
1713 2822 1790 2864 Ep„
1810 2822 1836 2853 1.
1858 2823 1940 2861 19·6.

812 2884 881 2915 137.
908 2875 1056 2907 Nautica
1083 2875 1195 2917 gens.]
1249 2877 1312 2908 See
1342 2876 1504 2908 Homeric
1534 2877 1651 2917 Hymn
1679 2882 1715 2908 to
1745 2875 1919 2916 Dionysus
1947 2875 1996 2907 for
2025 2875 2092 2906 this
2123 2874 2306 2906 adventure
2329 2874 2411 2905 with
2436 2874 2493 2905 the

653 2944 657 2949 =
695 2928 869 2969 Tyrrhene
893 2929 1029 2970 pirates.

2410 1077 2491 1117 130

2413 1770 2494 1811 140

2414 2456 2494 2498 150
