2594 3749
711 333 787 374 192

1490 329 1731 362 PARERGA.

939 435 1169 485 Gramina,
1195 435 1254 476 nil
1279 435 1484 489 scopulos
1508 435 1622 477 inter
1644 443 1685 477 et
1709 443 1838 477 antra
1860 435 1996 477 vides.

884 504 1032 546 Huius
1055 504 1098 546 in
1122 510 1249 546 a‘ereo
1272 504 1493 546 laetantes
1514 504 1692 555 vertice,
1721 505 1900 546 Phoebo

939 576 1082 629 Saepe
1105 574 1360 624 litabamus,
1388 573 1620 629 Pierioque
1643 573 1779 629 gregi.

883 643 1017 684 Hunc
1041 657 1121 697 ego
1146 644 1432 693 Parnassum,
1457 642 1561 697 iuga
1583 649 1632 685 tu
1658 642 1859 696 Pimplea
1881 643 2088 691 vocabas,

940 711 1159 765 Delphica
1182 725 1300 753 nunc
1323 725 1468 766 rupes,
1493 726 1610 753 nunc
1637 711 1868 753 Heliconis
1891 718 2000 753 erat.

881 781 1023 834 Saepe
1047 781 1309 834 petebamus
1331 779 1500 822 vicinos
1523 779 1710 821 collibus
1733 793 1903 829 amnes,

938 847 1024 903 Qui
1048 848 1126 890 tibi
1150 848 1289 890 natali
1313 863 1400 889 non
1424 848 1574 903 procul
1599 849 1706 890 urbe
1728 848 1887 889 fluunt.

882 915 969 958 Hic
992 917 1315 971 Aganippeam,
1341 918 1475 959 dabat
1499 916 1570 958 hic
1595 916 1898 958 Permessidos
1922 917 2103 966 undam,

938 987 997 1027 Et
1021 1000 1311 1039 quaecunque
1335 1000 1499 1027 sonans
1521 985 1706 1027 flumina
1731 985 1892 1027 Phocis
1915 986 2064 1028 habet.

882 1054 1087 1096 Phoebus
1111 1054 1272 1108 ubique
1295 1054 1392 1104 fuit,
1417 1069 1577 1108 specus
1600 1053 1745 1095 omnis
1768 1053 1986 1108 Apollinis
2009 1061 2203 1104 antrum,

938 1122 1172 1178 Quaelibet
1197 1124 1439 1164 Ascraeum
1465 1122 1666 1176 praebuit
1691 1123 1847 1163 umbra
1873 1137 2044 1164 nemus.

880 1192 979 1233 Lux
1002 1191 1074 1233 ubi
1098 1191 1164 1232 vel
1191 1191 1357 1232 Phoebi
1381 1191 1551 1241 micuit,
1575 1192 1643 1232 vel
1673 1190 1816 1233 sidera
1839 1191 1963 1241 caeli,

938 1260 1091 1301 Sidera
1114 1274 1214 1301 cum
1242 1260 1420 1301 Phoebo
1442 1259 1600 1309 dicere,
1628 1260 1753 1301 lusus
1779 1266 1888 1302 erat.

879 1330 992 1370 Vere
1015 1343 1129 1369 novo
1152 1328 1324 1382 quoties
1347 1335 1574 1382 pratorum
1600 1328 1721 1370 mille
1743 1328 1926 1378 colores,

939 1399 1000 1440 Ut
1025 1396 1182 1451 potuit,
1206 1397 1403 1438 numeris
1426 1396 1566 1451 pinxit
1590 1404 1774 1451 uterque
1804 1396 1929 1439 suis?

880 1466 1026 1508 Exciti
1050 1465 1223 1520 quoties
1244 1466 1475 1507 volucrum
1500 1466 1803 1508 modulamine
1826 1466 1994 1521 plectra

937 1534 1236 1589 Suinpsimus,
1260 1535 1456 1576 alternos
1479 1534 1842 1590 reddidimusque
1865 1535 2030 1577 sonos?

880 1603 1043 1647 Omnia
1066 1603 1315 1645 subdebant
1339 1603 1545 1645 stimulos
1568 1603 1833 1645 iuvenilibus
1857 1603 1992 1654 ausis,

937 1672 1163 1728 Quidlibet
1186 1671 1362 1714 ausuris
1384 1672 1534 1714 omnia
1561 1673 1708 1714 calcar
1733 1679 1873 1714 erant.

881 1742 966 1784 His
989 1756 1070 1796 ego
1092 1741 1261 1782 deliciis
1283 1748 1447 1792 tecum,
1472 1741 1567 1783 sine
1589 1742 1726 1792 faece,
1750 1742 1940 1792 fruebar,

938 1812 1130 1865 Unaque
1153 1811 1393 1864 praebebat
1416 1810 1579 1865 gaudia
1602 1810 1723 1852 mille
1745 1811 1854 1852 dies.

879 1881 965 1922 Sed
989 1879 1147 1929 brevis,
1172 1879 1243 1929 ah,
1268 1878 1455 1920 nimium
1480 1878 1575 1929 fuit,
1600 1886 1642 1920 et
1668 1879 1856 1933 fugitiva
1881 1879 2102 1934 voluptaS,

938 1948 1010 1991 Sic
1033 1962 1133 1990 rosa
1154 1947 1369 1998 vanescit,
1394 1947 1457 1989 sic
1480 1947 1571 1990 abit
1595 1949 1752 1990 umbra
1774 1948 1899 1990 levis.

881 2019 1007 2060 Haec
1031 2031 1158 2059 sacra
1180 2018 1285 2058 dum
1310 2016 1466 2071 patriis
1487 2023 1636 2059 tecum
1660 2017 1755 2058 colo
1779 2017 1923 2059 laetus
1946 2016 1989 2057 in
2014 2016 2116 2067 oris,

935 2086 1000 2128 Te
1023 2086 1155 2128 simul
1179 2093 1221 2128 et
1245 2085 1436 2140 patriam
1460 2086 1659 2140 linquere
1683 2100 1816 2140 cogor
1838 2086 2036 2128 humum.

879 2158 1001 2211 Quas
1024 2170 1105 2209 ego
1127 2169 1214 2197 non
1237 2162 1392 2205 terras,
1418 2169 1530 2208 quae
1554 2170 1641 2197 non
1664 2169 1805 2209 vagus
1828 2169 2021 2209 aequora
2044 2154 2216 2209 pressi?

938 2226 1064 2266 Haec
1087 2224 1189 2266 licet
1213 2223 1391 2278 ingenio
1414 2223 1501 2265 sint
1526 2223 1673 2265 minus
1696 2230 1802 2278 apta
1826 2238 1938 2265 meo.

879 2293 957 2335 Bis
981 2292 1089 2334 mihi
1112 2292 1326 2334 traiectae
1348 2292 1520 2334 vicinae
1544 2292 1736 2334 nubibus
1759 2292 1909 2347 Alpes,

935 2361 1095 2417 Tybris
1119 2368 1161 2402 et
1186 2361 1369 2403 Eridani
1394 2368 1498 2415 pota
1521 2361 1587 2403 bis
1609 2362 1727 2403 unda
1755 2361 1862 2402 mihi
1890 2368 1971 2402 est.

880 2430 1088 2472 Praebuit
1112 2429 1356 2483 hospitium
1380 2429 1446 2471 bis
1469 2429 1584 2472 binis
1608 2430 1756 2472 Gallia
1780 2429 1957 2471 lustris:

937 2499 1151 2553 Coniugis
1174 2499 1283 2539 haec
1306 2498 1485 2540 titulum
1510 2505 1626 2540 terra
1649 2498 1874 2552 patrisque
1897 2497 2032 2540 dedit.

880 2569 953 2609 Me
978 2569 1109 2617 Geta,
1135 2582 1204 2608 me
1229 2569 1443 2617 Batavus,
1470 2582 1539 2608 me
1560 2567 1669 2608 vidit
1694 2567 1886 2617 Cimber,
1911 2573 1953 2608 et
1977 2565 2161 2620 Anglus,

937 2637 996 2677 Et
1020 2651 1134 2690 quae
1157 2635 1403 2677 Teutonico
1426 2643 1543 2677 terra
1566 2636 1647 2677 sub
1670 2650 1750 2677 axe
1773 2635 1899 2689 riget.

881 2706 981 2746 Non
1004 2711 1069 2747 tot
1097 2704 1333 2745 Dulichius
1356 2711 1483 2758 pater
1508 2710 1574 2745 est
1599 2704 1819 2745 erroribus
1842 2711 1984 2753 actuS,

939 2774 1057 2814 Dum
1083 2778 1250 2827 peteret
1279 2772 1446 2826 patrios
1472 2787 1550 2826 per
1570 2774 1683 2814 vada
1706 2787 1838 2814 saeva
1861 2772 1985 2813 lares.

1360 2944 1410 2981 89.
1437 2941 1640 2982 Dulichius.]
1698 2941 1848 2982 ulysses.

2454 712 2508 753 60

2453 1410 2507 1452 70
