2594 3749
382 335 583 367 EPISTLE
615 335 682 366 ΟΝ
718 335 799 366 HIS
832 334 944 367 OWN
982 334 1138 367 POEMS
1170 336 1234 367 TO
1266 336 1621 369 SCOTSTARVET.

324 454 382 494 Et
407 453 609 507 prohibet
634 451 772 494 sacris
796 451 1113 505 liminibusque
1139 452 1246 493 suis.

263 521 441 563 Scilicet
466 521 574 562 haec
598 520 738 561 oculis
760 519 887 561 vitiat
912 534 1020 573 gens
1043 519 1245 574 improba
1268 520 1412 574 lippis,

322 590 383 631 Ut
408 589 519 630 solet
544 588 768 642 inspectos
791 588 958 643 pupula
981 588 1120 629 tristis
1144 603 1288 642 agros.

264 660 415 712 thue
437 659 573 711 dapes
599 656 755 698 Phinei
777 657 994 706 volucres,
1020 657 1082 698 sic
1107 671 1242 698 aurea
1268 657 1435 699 Phoebi

322 728 511 768 Munera
535 733 745 768 contactu
768 725 924 780 polluit
949 726 1025 768 illa
1049 741 1143 767 suo.

259 795 389 837 Talia
411 795 568 836 famosi
593 801 795 836 metuant
819 794 1026 848 contagia
1048 801 1188 843 vates,

321 867 442 920 Quos
466 879 640 906 mecum
665 864 837 905 vinctos
861 864 942 905 sub
965 870 1043 905 tua
1070 865 1191 918 prela
1218 863 1373 906 trahis.

263 935 337 975 Me
359 933 507 988 potius
531 940 718 975 censura
741 940 889 974 movet
913 933 1112 986 paritura
1135 934 1375 987 pudorem3

320 1003 425 1045 Sola
448 1010 679 1057 poetarum
704 1002 811 1043 lima
833 1002 1033 1044 timenda
1057 1001 1165 1042 mihi
1189 1008 1271 1043 est.

262 1073 421 1114 Cetera
445 1086 577 1125 quam
602 1078 806 1126 poscunt,
830 1071 1005 1125 fugiunt
1030 1085 1129 1111 mea
1153 1070 1352 1112 carmina
1375 1070 1533 1120 lucem,

317 1142 376 1183 Et
400 1141 520 1195 cupit
544 1148 725 1182 aeterna
748 1147 877 1182 nocte
901 1140 1101 1182 Camena
1124 1139 1228 1193 tegi.

261 1210 438 1252 Ennius
461 1210 684 1252 Ausoniae
708 1209 868 1251 cecinit
892 1210 983 1250 fera
1006 1209 1173 1263 praelia
1195 1209 1355 1263 gentis,

320 1278 531 1321 Carmina
555 1293 655 1320 cum
681 1278 861 1320 domino
884 1279 960 1319 sed
984 1278 1151 1331 periere
1174 1292 1268 1319 SUO.

259 1349 402 1402 Saepe
426 1348 708 1389 celebrantur
732 1348 874 1388 Linus
897 1354 939 1388 et
967 1346 1255 1401 Rhodopeius
1281 1347 1502 1401 Orpheus,

319 1418 405 1459 Sed
429 1431 543 1471 quae
567 1417 791 1471 liquerunt
815 1416 1014 1458 carmina
1038 1416 1159 1458 nulla
1181 1416 1318 1457 vides.

261 1488 350 1528 Fas
374 1486 483 1527 mihi
507 1493 624 1527 sorte
648 1486 745 1535 frui,
772 1486 960 1528 ducibus
984 1500 1097 1539 quae
1121 1485 1306 1539 contigit
1330 1485 1456 1534 istis3

319 1557 408 1597 Fas
432 1555 541 1596 mihi
565 1555 621 1597 sit
646 1570 811 1597 naevos
834 1555 1084 1597 occuluisse
1108 1569 1245 1596 meos.

262 1626 344 1674 Ne,
370 1624 479 1665 mihi
503 1627 618 1678 quod
642 1626 810 1666 dudum
834 1624 1101 1666 iuvenilibus
1124 1623 1284 1665 excidit
1310 1623 1452 1673 annis,

320 1693 643 1748 Intempestiva
666 1693 905 1735 sedulitate
928 1693 1039 1747 lege.

261 1764 375 1804 Vere
398 1777 511 1804 novo
534 1777 665 1804 nemo
689 1769 889 1804 maturas
913 1761 1080 1816 colligit
1105 1776 1228 1811 uvas,

315 1833 431 1873 Ante
454 1846 534 1874 nec
558 1839 827 1873 autumnum
851 1831 998 1873 dulcia
1023 1846 1156 1885 poma
1180 1832 1360 1872 cadunt.

261 1901 400 1943 Flava
423 1903 632 1943 metenda
656 1916 795 1955 seges,
820 1901 982 1943 virides
1005 1901 1107 1955 fuge
1130 1915 1301 1942 messor
1323 1900 1498 1950 aristas,

320 1972 413 2012 Nec
437 1985 551 2012 nova
575 1984 823 2024 purpureae
845 1969 1046 2024 germina
1069 1969 1182 2010 velle
1204 1984 1344 2011 rosae.

261 2041 384 2095 Quae
407 2039 587 2081 domino
610 2054 728 2081 nunc
751 2045 879 2094 rapta
902 2054 982 2080 suo
1005 2038 1259 2092 vulgantur,
1285 2038 1328 2079 in
1353 2052 1519 2079 annum

320 2109 554 2150 Debebant
579 2108 816 2157 decimum,
843 2108 878 2149 si
902 2114 1117 2162 paterere,
1142 2107 1295 2161 premi.

262 2178 363 2219 Non
387 2192 468 2231 ego
492 2179 747 2227 debueram,
773 2178 933 2219 saltem
957 2184 1023 2219 tot
1047 2177 1217 2218 lumina
1240 2183 1394 2218 vatum

320 2248 456 2296 Inter,
481 2254 523 2289 et
547 2248 732 2289 heroum
756 2247 938 2289 nomina
961 2253 1103 2296 tanta,
1129 2246 1229 2301 legi.

261 2315 410 2370 Turpe
432 2317 565 2358 tubas
588 2316 704 2358 inter
725 2323 885 2358 tenues
908 2316 1064 2358 inflare
1087 2316 1272 2366 cicutas,

317 2384 528 2439 Turpiter
550 2385 731 2427 auditur
753 2385 873 2433 strix,
896 2386 969 2427 ubi
993 2391 1145 2427 cantat
1168 2385 1275 2426 olor.

263 2455 357 2496 Nec
381 2455 491 2496 bene
515 2455 758 2497 Santonico
782 2455 997 2496 miscetur
1018 2469 1217 2509 purpura
1238 2467 1403 2508 panno,

320 2525 413 2565 Nec
436 2526 562 2566 decet
586 2524 753 2566 urticas
776 2524 1051 2579 implicuisse
1075 2524 1201 2565 rosis.

263 2592 331 2633 Ah
353 2607 519 2643 vereor,
544 2607 598 2634 ne
621 2593 737 2635 vatis
760 2608 885 2635 amor
906 2594 1220 2648 praestinguat
1250 2591 1429 2641 ocellos,

319 2663 378 2703 Et
401 2669 524 2717 tegat
548 2677 717 2705 errores
740 2670 1040 2718 extenuetque
1063 2677 1201 2704 meos.

1812 342 1890 371 201

1839 880 1894 918 30

1841 1568 1895 1608 40

1840 2257 1893 2298 50

205 2840 254 2872 27.
278 2832 470 2873 Volucres.]
517 2833 675 2875 Harpies,
693 2844 730 2866 as
748 2834 781 2865 in
798 2835 937 2874 Αεηεὶιί,
957 2835 1021 2865 III.

203 2896 254 2925 53.
281 2887 495 2928 Santonico]
551 2890 580 2919 A
606 2889 846 2921 “Santonicus
870 2889 1055 2928 cucullus,’'
1077 2899 1114 2920 as
1139 2888 1230 2928 early
1254 2897 1290 2919 as
1312 2886 1455 2928 Juvenal
1477 2886 1587 2928 (VIII.
1617 2885 1699 2927 145),
1727 2885 1811 2917 from
1831 2885 1889 2917 the

97 2937 222 2972 district
245 2942 284 2972 of
303 2943 432 2974 France
456 2943 579 2975 known
605 2954 642 2975 as
668 2944 866 2986 Saintonge,
891 2955 962 2976 was
986 2953 1223 2984 synonymous
1247 2941 1328 2973 with
1357 2943 1509 2972 “coarse
1533 2940 1678 2972 woollen
1703 2940 1837 2971 cloth’'.

960 3001 1013 3030 CC
