<?xml version="1.0" encoding="UTF-8"?>
<!DOCTYPE html PUBLIC "-//W3C//DTD XHTML 1.0 Transitional//EN"
    "http://www.w3.org/TR/xhtml1/DTD/xhtml1-transitional.dtd">
<html xmlns="http://www.w3.org/1999/xhtml" xml:lang="en" lang="en">
 <head>
  <title>
</title>
<meta http-equiv="Content-Type" content="text/html;charset=utf-8" />
  <meta name='ocr-system' content='tesseract 3.04.00' />
  <meta name='ocr-capabilities' content='ocr_page ocr_carea ocr_par ocr_line ocrx_word'/>
</head>
<body>
  <div class='ocr_page' id='page_1' title='image "./musalatinaaberdo01gedduoft_0249.png"; bbox 0 0 2594 3749; ppageno 0'>
   <div class='ocr_carea' id='block_1_1' title="bbox 504 322 1369 357">
    <p class='ocr_par' dir='ltr' id='par_1_1' title="bbox 504 322 1369 357">
     <span class='ocr_line' id='line_1_1' title="bbox 504 322 1369 357; baseline 0.002 -3"><span class='ocrx_word' id='word_1_1' title='bbox 504 322 726 354; x_wconf 88' lang='lat' dir='ltr'><strong>CONTEST</strong></span> <span class='ocrx_word' id='word_1_2' title='bbox 758 323 852 355; x_wconf 82' lang='lat' dir='ltr'>FOR</span> <span class='ocrx_word' id='word_1_3' title='bbox 885 323 1124 356; x_wconf 89' lang='lat' dir='ltr'>EARLDOM</span> <span class='ocrx_word' id='word_1_4' title='bbox 1156 325 1216 356; x_wconf 88' lang='lat' dir='ltr'>OF</span> <span class='ocrx_word' id='word_1_5' title='bbox 1252 325 1369 357; x_wconf 82' lang='lat' dir='ltr'>MAR.</span> 
     </span>
    </p>
   </div>
   <div class='ocr_carea' id='block_1_2' title="bbox 212 438 1466 837">
    <p class='ocr_par' dir='ltr' id='par_1_2' title="bbox 273 438 1364 492">
     <span class='ocr_line' id='line_1_2' title="bbox 273 438 1364 492; baseline 0.003 -13"><span class='ocrx_word' id='word_1_6' title='bbox 273 439 610 492; x_wconf 84' lang='lat' dir='ltr'>Raptorumque</span> <span class='ocrx_word' id='word_1_7' title='bbox 632 438 723 480; x_wconf 86' lang='lat' dir='ltr'>fero</span> <span class='ocrx_word' id='word_1_8' title='bbox 747 439 965 492; x_wconf 86' lang='lat' dir='ltr'>sanguine</span> <span class='ocrx_word' id='word_1_9' title='bbox 988 440 1141 481; x_wconf 81' lang='lat' dir='ltr'><strong>mersit</strong></span> <span class='ocrx_word' id='word_1_10' title='bbox 1165 441 1364 482; x_wconf 89' lang='lat' dir='ltr'>humum.</span> 
     </span>
    </p>

    <p class='ocr_par' dir='ltr' id='par_1_3' title="bbox 214 507 1380 625">
     <span class='ocr_line' id='line_1_3' title="bbox 214 507 1380 562; baseline 0.002 -14"><span class='ocrx_word' id='word_1_11' title='bbox 214 508 307 548; x_wconf 92' lang='lat' dir='ltr'>Nec</span> <span class='ocrx_word' id='word_1_12' title='bbox 329 507 431 548; x_wconf 88' lang='lat' dir='ltr'>tulit</span> <span class='ocrx_word' id='word_1_13' title='bbox 454 507 738 561; x_wconf 90' lang='lat' dir='ltr'>opprobrium</span> <span class='ocrx_word' id='word_1_14' title='bbox 763 514 917 562; x_wconf 81' lang='lat' dir='ltr'>raptae</span> <span class='ocrx_word' id='word_1_15' title='bbox 940 508 1159 550; x_wconf 86' lang='lat' dir='ltr'>consortis</span> <span class='ocrx_word' id='word_1_16' title='bbox 1184 510 1380 558; x_wconf 82' lang='lat' dir='ltr'><strong>Orestes,</strong></span> 
     </span>
     <span class='ocr_line' id='line_1_4' title="bbox 270 576 1293 625; baseline 0.002 -9"><span class='ocrx_word' id='word_1_17' title='bbox 270 577 355 617; x_wconf 88' lang='lat' dir='ltr'>Sed</span> <span class='ocrx_word' id='word_1_18' title='bbox 377 576 510 625; x_wconf 86' lang='lat' dir='ltr'>furor,</span> <span class='ocrx_word' id='word_1_19' title='bbox 535 582 577 617; x_wconf 86' lang='lat' dir='ltr'>et</span> <span class='ocrx_word' id='word_1_20' title='bbox 602 576 747 617; x_wconf 91' lang='lat' dir='ltr'>iustus</span> <span class='ocrx_word' id='word_1_21' title='bbox 770 576 907 617; x_wconf 90' lang='lat' dir='ltr'>movit</span> <span class='ocrx_word' id='word_1_22' title='bbox 931 578 986 617; x_wconf 90' lang='lat' dir='ltr'>ad</span> <span class='ocrx_word' id='word_1_23' title='bbox 1009 591 1132 618; x_wconf 86' lang='lat' dir='ltr'>arma</span> <span class='ocrx_word' id='word_1_24' title='bbox 1156 577 1293 618; x_wconf 92' lang='lat' dir='ltr'>dolor.</span> 
     </span>
    </p>

    <p class='ocr_par' dir='ltr' id='par_1_4' title="bbox 212 644 1466 769">
     <span class='ocr_line' id='line_1_5' title="bbox 212 644 1466 700; baseline 0.002 -14"><span class='ocrx_word' id='word_1_25' title='bbox 212 645 357 686; x_wconf 81' lang='lat' dir='ltr'><strong>Mater</strong></span> <span class='ocrx_word' id='word_1_26' title='bbox 379 652 421 686; x_wconf 91' lang='lat' dir='ltr'>et</span> <span class='ocrx_word' id='word_1_27' title='bbox 448 644 727 693; x_wconf 81' lang='lat' dir='ltr'>Hermiones,</span> <span class='ocrx_word' id='word_1_28' title='bbox 749 645 975 687; x_wconf 76' lang='lat' dir='ltr'>thalamos</span> <span class='ocrx_word' id='word_1_29' title='bbox 999 661 1112 699; x_wconf 86' lang='lat' dir='ltr'>quae</span> <span class='ocrx_word' id='word_1_30' title='bbox 1136 652 1294 700; x_wconf 89' lang='lat' dir='ltr'>sponte</span> <span class='ocrx_word' id='word_1_31' title='bbox 1317 646 1466 688; x_wconf 90' lang='lat' dir='ltr'>mariti</span> 
     </span>
     <span class='ocr_line' id='line_1_6' title="bbox 270 714 1045 769; baseline 0.003 -15"><span class='ocrx_word' id='word_1_32' title='bbox 270 714 493 764; x_wconf 80' lang='lat' dir='ltr'>Deseruit,</span> <span class='ocrx_word' id='word_1_33' title='bbox 518 714 619 756; x_wconf 89' lang='lat' dir='ltr'>belli</span> <span class='ocrx_word' id='word_1_34' title='bbox 643 714 783 756; x_wconf 87' lang='lat' dir='ltr'>tristis</span> <span class='ocrx_word' id='word_1_35' title='bbox 806 715 927 769; x_wconf 85' lang='lat' dir='ltr'>origo</span> <span class='ocrx_word' id='word_1_36' title='bbox 950 715 1045 756; x_wconf 89' lang='lat' dir='ltr'>fuit.</span> 
     </span>
    </p>

    <p class='ocr_par' dir='ltr' id='par_1_5' title="bbox 212 783 1259 837">
     <span class='ocr_line' id='line_1_7' title="bbox 212 783 1259 837; baseline 0.002 -13"><span class='ocrx_word' id='word_1_37' title='bbox 212 784 306 824; x_wconf 93' lang='lat' dir='ltr'>Nec</span> <span class='ocrx_word' id='word_1_38' title='bbox 330 783 450 837; x_wconf 90' lang='lat' dir='ltr'>prius</span> <span class='ocrx_word' id='word_1_39' title='bbox 473 784 669 825; x_wconf 85' lang='lat' dir='ltr'>extincta</span> <span class='ocrx_word' id='word_1_40' title='bbox 692 791 758 825; x_wconf 87' lang='lat' dir='ltr'>est</span> <span class='ocrx_word' id='word_1_41' title='bbox 784 784 976 826; x_wconf 78' lang='lat' dir='ltr'>Menelai</span> <span class='ocrx_word' id='word_1_42' title='bbox 1000 784 1161 826; x_wconf 86' lang='lat' dir='ltr'>nobilis</span> <span class='ocrx_word' id='word_1_43' title='bbox 1183 784 1259 833; x_wconf 87' lang='lat' dir='ltr'>ira,</span> 
     </span>
    </p>
   </div>
   <div class='ocr_carea' id='block_1_3' title="bbox 266 854 302 907">
    <p class='ocr_par' dir='ltr' id='par_1_6' title="bbox 266 854 302 907">
     <span class='ocr_line' id='line_1_8' title="bbox 266 854 302 907; baseline 0 0"><span class='ocrx_word' id='word_1_44' title='bbox 266 854 302 907; x_wconf 99' lang='lat' dir='ltr'>Q</span> 
     </span>
    </p>
   </div>
   <div class='ocr_carea' id='block_1_4' title="bbox 309 852 1361 907">
    <p class='ocr_par' dir='ltr' id='par_1_7' title="bbox 309 852 1361 907">
     <span class='ocr_line' id='line_1_9' title="bbox 309 852 1361 907; baseline 0.001 -14"><span class='ocrx_word' id='word_1_45' title='bbox 309 867 412 893; x_wconf 89' lang='lat' dir='ltr'>uam</span> <span class='ocrx_word' id='word_1_46' title='bbox 435 852 545 893; x_wconf 88' lang='lat' dir='ltr'>foret</span> <span class='ocrx_word' id='word_1_47' title='bbox 570 867 645 894; x_wconf 81' lang='lat' dir='ltr'>arx</span> <span class='ocrx_word' id='word_1_48' title='bbox 671 852 849 902; x_wconf 84' lang='lat' dir='ltr'>Priami,</span> <span class='ocrx_word' id='word_1_49' title='bbox 871 859 1054 907; x_wconf 87' lang='lat' dir='ltr'>totaque</span> <span class='ocrx_word' id='word_1_50' title='bbox 1077 852 1212 895; x_wconf 85' lang='lat' dir='ltr'>Troia</span> <span class='ocrx_word' id='word_1_51' title='bbox 1236 853 1361 895; x_wconf 86' lang='lat' dir='ltr'>cinis.</span> 
     </span>
    </p>
   </div>
   <div class='ocr_carea' id='block_1_5' title="bbox 211 922 1407 1045">
    <p class='ocr_par' dir='ltr' id='par_1_8' title="bbox 211 922 1407 1045">
     <span class='ocr_line' id='line_1_10' title="bbox 211 922 1407 977; baseline 0.002 -15"><span class='ocrx_word' id='word_1_52' title='bbox 211 923 370 976; x_wconf 84' lang='lat' dir='ltr'>Quam,</span> <span class='ocrx_word' id='word_1_53' title='bbox 396 923 531 975; x_wconf 89' lang='lat' dir='ltr'>pudet</span> <span class='ocrx_word' id='word_1_54' title='bbox 555 922 655 972; x_wconf 93' lang='lat' dir='ltr'>heu,</span> <span class='ocrx_word' id='word_1_55' title='bbox 679 922 837 976; x_wconf 87' lang='lat' dir='ltr'>patior,</span> <span class='ocrx_word' id='word_1_56' title='bbox 862 937 942 976; x_wconf 87' lang='lat' dir='ltr'>par</span> <span class='ocrx_word' id='word_1_57' title='bbox 964 930 1030 963; x_wconf 90' lang='lat' dir='ltr'>est</span> <span class='ocrx_word' id='word_1_58' title='bbox 1054 922 1214 964; x_wconf 86' lang='lat' dir='ltr'>iniuria</span> <span class='ocrx_word' id='word_1_59' title='bbox 1238 930 1407 977; x_wconf 85' lang='lat' dir='ltr'>raptus,</span> 
     </span>
     <span class='ocr_line' id='line_1_11' title="bbox 267 991 1156 1045; baseline 0.002 -14"><span class='ocrx_word' id='word_1_60' title='bbox 267 991 360 1032; x_wconf 93' lang='lat' dir='ltr'>Nec</span> <span class='ocrx_word' id='word_1_61' title='bbox 384 991 492 1032; x_wconf 90' lang='lat' dir='ltr'>mihi</span> <span class='ocrx_word' id='word_1_62' title='bbox 517 1005 594 1045; x_wconf 88' lang='lat' dir='ltr'>pro</span> <span class='ocrx_word' id='word_1_63' title='bbox 618 991 738 1033; x_wconf 90' lang='lat' dir='ltr'>laeso</span> <span class='ocrx_word' id='word_1_64' title='bbox 762 991 936 1033; x_wconf 88' lang='lat' dir='ltr'>mollior</span> <span class='ocrx_word' id='word_1_65' title='bbox 958 991 1023 1033; x_wconf 89' lang='lat' dir='ltr'>ira</span> <span class='ocrx_word' id='word_1_66' title='bbox 1046 998 1156 1033; x_wconf 87' lang='lat' dir='ltr'>toro.</span> 
     </span>
    </p>
   </div>
   <div class='ocr_carea' id='block_1_6' title="bbox 209 1060 294 1101">
    <p class='ocr_par' dir='ltr' id='par_1_9' title="bbox 209 1060 294 1101">
     <span class='ocr_line' id='line_1_12' title="bbox 209 1060 294 1101; baseline -0.012 0"><span class='ocrx_word' id='word_1_67' title='bbox 209 1060 294 1101; x_wconf 89' lang='lat' dir='ltr'>Sed</span> 
     </span>
    </p>
   </div>
   <div class='ocr_carea' id='block_1_7' title="bbox 317 1059 1397 1115">
    <p class='ocr_par' dir='ltr' id='par_1_10' title="bbox 317 1059 1397 1115">
     <span class='ocr_line' id='line_1_13' title="bbox 317 1059 1397 1115; baseline 0.001 -14"><span class='ocrx_word' id='word_1_68' title='bbox 317 1059 481 1102; x_wconf 89' lang='lat' dir='ltr'>frustra</span> <span class='ocrx_word' id='word_1_69' title='bbox 505 1075 708 1109; x_wconf 81' lang='lat' dir='ltr'>moveor3</span> <span class='ocrx_word' id='word_1_70' title='bbox 742 1060 965 1102; x_wconf 87' lang='lat' dir='ltr'>vindictae</span> <span class='ocrx_word' id='word_1_71' title='bbox 988 1075 1103 1103; x_wconf 85' lang='lat' dir='ltr'>vana</span> <span class='ocrx_word' id='word_1_72' title='bbox 1128 1060 1288 1115; x_wconf 91' lang='lat' dir='ltr'>cupido</span> <span class='ocrx_word' id='word_1_73' title='bbox 1315 1068 1397 1110; x_wconf 90' lang='lat' dir='ltr'>est,</span> 
     </span>
    </p>
   </div>
   <div class='ocr_carea' id='block_1_8' title="bbox 206 1129 1492 1253">
    <p class='ocr_par' dir='ltr' id='par_1_11' title="bbox 206 1129 1492 1253">
     <span class='ocr_line' id='line_1_14' title="bbox 265 1129 1286 1183; baseline 0.002 -14"><span class='ocrx_word' id='word_1_74' title='bbox 265 1129 438 1182; x_wconf 86' lang='lat' dir='ltr'>Iraque,</span> <span class='ocrx_word' id='word_1_75' title='bbox 464 1144 592 1183; x_wconf 90' lang='lat' dir='ltr'>quem</span> <span class='ocrx_word' id='word_1_76' title='bbox 618 1136 775 1171; x_wconf 86' lang='lat' dir='ltr'>contra</span> <span class='ocrx_word' id='word_1_77' title='bbox 798 1129 975 1180; x_wconf 89' lang='lat' dir='ltr'>militet,</span> <span class='ocrx_word' id='word_1_78' title='bbox 1000 1130 1128 1171; x_wconf 90' lang='lat' dir='ltr'>hoste</span> <span class='ocrx_word' id='word_1_79' title='bbox 1151 1138 1286 1172; x_wconf 86' lang='lat' dir='ltr'>caret.</span> 
     </span>
     <span class='ocr_line' id='line_1_15' title="bbox 206 1198 1492 1253; baseline 0 -13"><span class='ocrx_word' id='word_1_80' title='bbox 206 1198 319 1240; x_wconf 90' lang='lat' dir='ltr'>Cum</span> <span class='ocrx_word' id='word_1_81' title='bbox 346 1198 541 1240; x_wconf 88' lang='lat' dir='ltr'>Domino</span> <span class='ocrx_word' id='word_1_82' title='bbox 564 1198 664 1253; x_wconf 91' lang='lat' dir='ltr'>quis</span> <span class='ocrx_word' id='word_1_83' title='bbox 687 1199 802 1241; x_wconf 89' lang='lat' dir='ltr'>bella</span> <span class='ocrx_word' id='word_1_84' title='bbox 824 1205 964 1253; x_wconf 83' lang='lat' dir='ltr'>gerat,</span> <span class='ocrx_word' id='word_1_85' title='bbox 990 1199 1250 1253; x_wconf 80' lang='lat' dir='ltr'>patriaeque</span> <span class='ocrx_word' id='word_1_86' title='bbox 1274 1200 1492 1253; x_wconf 86' lang='lat' dir='ltr'>parente?</span> 
     </span>
    </p>
   </div>
   <div class='ocr_carea' id='block_1_9' title="bbox 208 1268 300 1378">
    <p class='ocr_par' dir='ltr' id='par_1_12' title="bbox 208 1268 300 1378">
     <span class='ocr_line' id='line_1_16' title="bbox 208 1268 300 1378; baseline 0.011 -1"><span class='ocrx_word' id='word_1_87' title='bbox 208 1268 300 1378; x_wconf 66' lang='grc' dir='ltr'>ΗΞ</span> 
     </span>
    </p>
   </div>
   <div class='ocr_carea' id='block_1_10' title="bbox 308 1267 1377 1387">
    <p class='ocr_par' dir='ltr' id='par_1_13' title="bbox 308 1267 1377 1387">
     <span class='ocr_line' id='line_1_17' title="bbox 308 1267 1377 1322; baseline 0.001 -13"><span class='ocrx_word' id='word_1_88' title='bbox 308 1267 374 1309; x_wconf 89' lang='lat' dir='ltr'>uis</span> <span class='ocrx_word' id='word_1_89' title='bbox 397 1274 531 1322; x_wconf 87' lang='lat' dir='ltr'>caput</span> <span class='ocrx_word' id='word_1_90' title='bbox 556 1274 598 1309; x_wconf 88' lang='lat' dir='ltr'>et</span> <span class='ocrx_word' id='word_1_91' title='bbox 622 1268 824 1322; x_wconf 84' lang='lat' dir='ltr'>iugulum</span> <span class='ocrx_word' id='word_1_92' title='bbox 851 1268 1069 1322; x_wconf 86' lang='lat' dir='ltr'>Principis</span> <span class='ocrx_word' id='word_1_93' title='bbox 1092 1283 1196 1309; x_wconf 89' lang='lat' dir='ltr'>ense</span> <span class='ocrx_word' id='word_1_94' title='bbox 1220 1269 1377 1322; x_wconf 85' lang='lat' dir='ltr'>petat?</span> 
     </span>
     <span class='ocr_line' id='line_1_18' title="bbox 318 1337 1166 1387; baseline 0.002 -10"><span class='ocrx_word' id='word_1_95' title='bbox 318 1337 442 1386; x_wconf 88' lang='lat' dir='ltr'>mihi,</span> <span class='ocrx_word' id='word_1_96' title='bbox 469 1337 504 1378; x_wconf 90' lang='lat' dir='ltr'>si</span> <span class='ocrx_word' id='word_1_97' title='bbox 527 1337 594 1379; x_wconf 86' lang='lat' dir='ltr'>fas</span> <span class='ocrx_word' id='word_1_98' title='bbox 617 1345 684 1379; x_wconf 88' lang='lat' dir='ltr'>est</span> <span class='ocrx_word' id='word_1_99' title='bbox 708 1337 873 1379; x_wconf 84' lang='lat' dir='ltr'>afflicto</span> <span class='ocrx_word' id='word_1_100' title='bbox 895 1353 1000 1379; x_wconf 88' lang='lat' dir='ltr'>vera</span> <span class='ocrx_word' id='word_1_101' title='bbox 1022 1337 1166 1387; x_wconf 87' lang='lat' dir='ltr'>fateri,</span> 
     </span>
    </p>
   </div>
   <div class='ocr_carea' id='block_1_11' title="bbox 206 1407 1334 1738">
    <p class='ocr_par' dir='ltr' id='par_1_14' title="bbox 206 1407 1284 1530">
     <span class='ocr_line' id='line_1_19' title="bbox 264 1407 1284 1461; baseline 0.002 -14"><span class='ocrx_word' id='word_1_102' title='bbox 264 1408 362 1448; x_wconf 89' lang='lat' dir='ltr'>Hos</span> <span class='ocrx_word' id='word_1_103' title='bbox 384 1407 555 1456; x_wconf 88' lang='lat' dir='ltr'>titulos,</span> <span class='ocrx_word' id='word_1_104' title='bbox 582 1407 655 1461; x_wconf 91' lang='lat' dir='ltr'>qui</span> <span class='ocrx_word' id='word_1_105' title='bbox 680 1422 750 1449; x_wconf 92' lang='lat' dir='ltr'>me</span> <span class='ocrx_word' id='word_1_106' title='bbox 773 1407 914 1455; x_wconf 88' lang='lat' dir='ltr'>laesit,</span> <span class='ocrx_word' id='word_1_107' title='bbox 938 1408 1113 1449; x_wconf 87' lang='lat' dir='ltr'>adulter</span> <span class='ocrx_word' id='word_1_108' title='bbox 1135 1407 1284 1449; x_wconf 88' lang='lat' dir='ltr'>habet.</span> 
     </span>
     <span class='ocr_line' id='line_1_20' title="bbox 206 1475 1172 1530; baseline 0.001 -14"><span class='ocrx_word' id='word_1_109' title='bbox 206 1476 354 1530; x_wconf 86' lang='lat' dir='ltr'>Rapta</span> <span class='ocrx_word' id='word_1_110' title='bbox 379 1491 458 1517; x_wconf 91' lang='lat' dir='ltr'>suo</span> <span class='ocrx_word' id='word_1_111' title='bbox 481 1476 615 1518; x_wconf 90' lang='lat' dir='ltr'>bilem</span> <span class='ocrx_word' id='word_1_112' title='bbox 639 1476 777 1518; x_wconf 87' lang='lat' dir='ltr'>movit</span> <span class='ocrx_word' id='word_1_113' title='bbox 803 1476 971 1517; x_wconf 81' lang='lat' dir='ltr'>Briseis</span> <span class='ocrx_word' id='word_1_114' title='bbox 995 1475 1172 1526; x_wconf 90' lang='lat' dir='ltr'>Achilli,</span> 
     </span>
    </p>

    <p class='ocr_par' dir='ltr' id='par_1_15' title="bbox 206 1545 1334 1669">
     <span class='ocr_line' id='line_1_21' title="bbox 261 1545 1334 1600; baseline 0.001 -14"><span class='ocrx_word' id='word_1_115' title='bbox 261 1546 485 1599; x_wconf 88' lang='lat' dir='ltr'>Armaque</span> <span class='ocrx_word' id='word_1_116' title='bbox 510 1560 587 1600; x_wconf 90' lang='lat' dir='ltr'>pro</span> <span class='ocrx_word' id='word_1_117' title='bbox 610 1545 823 1587; x_wconf 84' lang='lat' dir='ltr'>thalamis</span> <span class='ocrx_word' id='word_1_118' title='bbox 846 1560 1021 1587; x_wconf 90' lang='lat' dir='ltr'>sumere</span> <span class='ocrx_word' id='word_1_119' title='bbox 1044 1545 1173 1587; x_wconf 88' lang='lat' dir='ltr'>iussit</span> <span class='ocrx_word' id='word_1_120' title='bbox 1197 1560 1334 1588; x_wconf 88' lang='lat' dir='ltr'>amor.</span> 
     </span>
     <span class='ocr_line' id='line_1_22' title="bbox 206 1614 1302 1669; baseline 0.001 -14"><span class='ocrx_word' id='word_1_121' title='bbox 206 1615 350 1656; x_wconf 89' lang='lat' dir='ltr'>Marte</span> <span class='ocrx_word' id='word_1_122' title='bbox 374 1616 450 1656; x_wconf 92' lang='lat' dir='ltr'>sed</span> <span class='ocrx_word' id='word_1_123' title='bbox 475 1614 628 1657; x_wconf 89' lang='lat' dir='ltr'>ulcisci</span> <span class='ocrx_word' id='word_1_124' title='bbox 652 1629 817 1669; x_wconf 85' lang='lat' dir='ltr'>regem,</span> <span class='ocrx_word' id='word_1_125' title='bbox 842 1615 916 1669; x_wconf 89' lang='lat' dir='ltr'>qui</span> <span class='ocrx_word' id='word_1_126' title='bbox 940 1615 1146 1665; x_wconf 84' lang='lat' dir='ltr'>laeserat,</span> <span class='ocrx_word' id='word_1_127' title='bbox 1172 1615 1302 1656; x_wconf 90' lang='lat' dir='ltr'>heros</span> 
     </span>
    </p>

    <p class='ocr_par' dir='ltr' id='par_1_16' title="bbox 263 1684 1181 1738">
     <span class='ocr_line' id='line_1_23' title="bbox 263 1684 1181 1738; baseline 0.001 -13"><span class='ocrx_word' id='word_1_128' title='bbox 263 1684 434 1734; x_wconf 89' lang='lat' dir='ltr'>Noluit,</span> <span class='ocrx_word' id='word_1_129' title='bbox 459 1684 650 1727; x_wconf 86' lang='lat' dir='ltr'>invictas</span> <span class='ocrx_word' id='word_1_130' title='bbox 673 1684 981 1738; x_wconf 88' lang='lat' dir='ltr'>continuitque</span> <span class='ocrx_word' id='word_1_131' title='bbox 1005 1699 1181 1726; x_wconf 77' lang='lat' dir='ltr'>manuS.</span> 
     </span>
    </p>
   </div>
   <div class='ocr_carea' id='block_1_12' title="bbox 204 1754 282 1795">
    <p class='ocr_par' dir='ltr' id='par_1_17' title="bbox 204 1754 282 1795">
     <span class='ocr_line' id='line_1_24' title="bbox 204 1754 282 1795; baseline 0 0"><span class='ocrx_word' id='word_1_132' title='bbox 204 1754 282 1795; x_wconf 88' lang='lat' dir='ltr'>Sat</span> 
     </span>
    </p>
   </div>
   <div class='ocr_carea' id='block_1_13' title="bbox 306 1754 1398 1809">
    <p class='ocr_par' dir='ltr' id='par_1_18' title="bbox 306 1754 1398 1809">
     <span class='ocr_line' id='line_1_25' title="bbox 306 1754 1398 1809; baseline 0.001 -15"><span class='ocrx_word' id='word_1_133' title='bbox 306 1754 388 1795; x_wconf 88' lang='lat' dir='ltr'>fuit</span> <span class='ocrx_word' id='word_1_134' title='bbox 413 1754 530 1804; x_wconf 91' lang='lat' dir='ltr'>huic,</span> <span class='ocrx_word' id='word_1_135' title='bbox 556 1754 779 1808; x_wconf 89' lang='lat' dir='ltr'>querulas,</span> <span class='ocrx_word' id='word_1_136' title='bbox 806 1769 883 1809; x_wconf 86' lang='lat' dir='ltr'>pro</span> <span class='ocrx_word' id='word_1_137' title='bbox 906 1754 1022 1803; x_wconf 92' lang='lat' dir='ltr'>telis,</span> <span class='ocrx_word' id='word_1_138' title='bbox 1046 1755 1228 1795; x_wconf 89' lang='lat' dir='ltr'>fundere</span> <span class='ocrx_word' id='word_1_139' title='bbox 1252 1768 1398 1803; x_wconf 91' lang='lat' dir='ltr'>voces,</span> 
     </span>
    </p>
   </div>
   <div class='ocr_carea' id='block_1_14' title="bbox 205 1823 1268 1948">
    <p class='ocr_par' dir='ltr' id='par_1_19' title="bbox 205 1823 1268 1948">
     <span class='ocr_line' id='line_1_26' title="bbox 262 1823 1268 1877; baseline 0 -13"><span class='ocrx_word' id='word_1_140' title='bbox 262 1824 335 1873; x_wconf 84' lang='lat' dir='ltr'>Et,</span> <span class='ocrx_word' id='word_1_141' title='bbox 361 1824 514 1877; x_wconf 90' lang='lat' dir='ltr'>procul</span> <span class='ocrx_word' id='word_1_142' title='bbox 538 1838 563 1865; x_wconf 91' lang='lat' dir='ltr'>a</span> <span class='ocrx_word' id='word_1_143' title='bbox 587 1823 759 1873; x_wconf 89' lang='lat' dir='ltr'>castris,</span> <span class='ocrx_word' id='word_1_144' title='bbox 785 1823 924 1865; x_wconf 85' lang='lat' dir='ltr'>imbre</span> <span class='ocrx_word' id='word_1_145' title='bbox 948 1823 1090 1877; x_wconf 85' lang='lat' dir='ltr'>rigare</span> <span class='ocrx_word' id='word_1_146' title='bbox 1113 1837 1268 1877; x_wconf 77' lang='lat' dir='ltr'>genas.</span> 
     </span>
     <span class='ocr_line' id='line_1_27' title="bbox 205 1892 1244 1948; baseline 0 -14"><span class='ocrx_word' id='word_1_147' title='bbox 205 1892 332 1934; x_wconf 89' lang='lat' dir='ltr'>Illius</span> <span class='ocrx_word' id='word_1_148' title='bbox 355 1893 558 1948; x_wconf 80' lang='lat' dir='ltr'>exemplo</span> <span class='ocrx_word' id='word_1_149' title='bbox 581 1907 662 1934; x_wconf 91' lang='lat' dir='ltr'>nos</span> <span class='ocrx_word' id='word_1_150' title='bbox 687 1892 852 1934; x_wconf 90' lang='lat' dir='ltr'>Martia</span> <span class='ocrx_word' id='word_1_151' title='bbox 875 1892 1083 1947; x_wconf 88' lang='lat' dir='ltr'>ponimus</span> <span class='ocrx_word' id='word_1_152' title='bbox 1106 1907 1244 1941; x_wconf 87' lang='lat' dir='ltr'>arma,</span> 
     </span>
    </p>
   </div>
   <div class='ocr_carea' id='block_1_15' title="bbox 260 1963 297 2017">
    <p class='ocr_par' dir='ltr' id='par_1_20' title="bbox 260 1963 297 2017">
     <span class='ocr_line' id='line_1_28' title="bbox 260 1963 297 2017; baseline 0 0"><span class='ocrx_word' id='word_1_153' title='bbox 260 1963 297 2017; x_wconf 94' lang='lat' dir='ltr'>Q</span> 
     </span>
    </p>
   </div>
   <div class='ocr_carea' id='block_1_16' title="bbox 304 1961 1343 2017">
    <p class='ocr_par' dir='ltr' id='par_1_21' title="bbox 304 1961 1343 2017">
     <span class='ocr_line' id='line_1_29' title="bbox 304 1961 1343 2017; baseline -0.001 -14"><span class='ocrx_word' id='word_1_154' title='bbox 304 1977 397 2009; x_wconf 90' lang='lat' dir='ltr'>uae,</span> <span class='ocrx_word' id='word_1_155' title='bbox 420 1962 505 2003; x_wconf 88' lang='lat' dir='ltr'>nisi</span> <span class='ocrx_word' id='word_1_156' title='bbox 530 1977 607 2017; x_wconf 90' lang='lat' dir='ltr'>pro</span> <span class='ocrx_word' id='word_1_157' title='bbox 631 1961 791 2017; x_wconf 87' lang='lat' dir='ltr'>patria,</span> <span class='ocrx_word' id='word_1_158' title='bbox 817 1961 1035 2016; x_wconf 84' lang='lat' dir='ltr'>stringere</span> <span class='ocrx_word' id='word_1_159' title='bbox 1059 1961 1154 2003; x_wconf 90' lang='lat' dir='ltr'>iura</span> <span class='ocrx_word' id='word_1_160' title='bbox 1176 1967 1343 2003; x_wconf 81' lang='lat' dir='ltr'>vetant.</span> 
     </span>
    </p>
   </div>
   <div class='ocr_carea' id='block_1_17' title="bbox 203 2030 1352 2156">
    <p class='ocr_par' dir='ltr' id='par_1_22' title="bbox 203 2030 1352 2156">
     <span class='ocr_line' id='line_1_30' title="bbox 203 2030 1352 2086; baseline -0.002 -13"><span class='ocrx_word' id='word_1_161' title='bbox 203 2031 384 2085; x_wconf 87' lang='lat' dir='ltr'>Spicula</span> <span class='ocrx_word' id='word_1_162' title='bbox 407 2038 510 2073; x_wconf 86' lang='lat' dir='ltr'>sunt</span> <span class='ocrx_word' id='word_1_163' title='bbox 533 2032 754 2080; x_wconf 88' lang='lat' dir='ltr'>lacrimae,</span> <span class='ocrx_word' id='word_1_164' title='bbox 778 2031 969 2086; x_wconf 90' lang='lat' dir='ltr'>suspiria</span> <span class='ocrx_word' id='word_1_165' title='bbox 991 2031 1124 2085; x_wconf 84' lang='lat' dir='ltr'>longa</span> <span class='ocrx_word' id='word_1_166' title='bbox 1148 2030 1352 2079; x_wconf 88' lang='lat' dir='ltr'>sarissae,</span> 
     </span>
     <span class='ocr_line' id='line_1_31' title="bbox 261 2101 1284 2156; baseline -0.001 -15"><span class='ocrx_word' id='word_1_167' title='bbox 261 2101 358 2142; x_wconf 87' lang='lat' dir='ltr'>Pila</span> <span class='ocrx_word' id='word_1_168' title='bbox 379 2116 536 2156; x_wconf 85' lang='lat' dir='ltr'>graves</span> <span class='ocrx_word' id='word_1_169' title='bbox 558 2101 769 2156; x_wconf 86' lang='lat' dir='ltr'>gemitus,</span> <span class='ocrx_word' id='word_1_170' title='bbox 797 2101 944 2142; x_wconf 88' lang='lat' dir='ltr'>Pelias</span> <span class='ocrx_word' id='word_1_171' title='bbox 967 2101 1098 2142; x_wconf 88' lang='lat' dir='ltr'>hasta</span> <span class='ocrx_word' id='word_1_172' title='bbox 1122 2115 1284 2154; x_wconf 88' lang='lat' dir='ltr'>preces.</span> 
     </span>
    </p>
   </div>
   <div class='ocr_carea' id='block_1_18' title="bbox 204 2171 279 2212">
    <p class='ocr_par' dir='ltr' id='par_1_23' title="bbox 204 2171 279 2212">
     <span class='ocr_line' id='line_1_32' title="bbox 204 2171 279 2212; baseline 0.013 -1"><span class='ocrx_word' id='word_1_173' title='bbox 204 2171 279 2212; x_wconf 92' lang='lat' dir='ltr'>Ius</span> 
     </span>
    </p>
   </div>
   <div class='ocr_carea' id='block_1_19' title="bbox 302 2169 1415 2225">
    <p class='ocr_par' dir='ltr' id='par_1_24' title="bbox 302 2169 1415 2225">
     <span class='ocr_line' id='line_1_33' title="bbox 302 2169 1415 2225; baseline -0.002 -14"><span class='ocrx_word' id='word_1_174' title='bbox 302 2170 424 2220; x_wconf 89' lang='lat' dir='ltr'>mihi,</span> <span class='ocrx_word' id='word_1_175' title='bbox 447 2185 524 2225; x_wconf 94' lang='lat' dir='ltr'>pro</span> <span class='ocrx_word' id='word_1_176' title='bbox 547 2171 716 2225; x_wconf 90' lang='lat' dir='ltr'>clipeo;</span> <span class='ocrx_word' id='word_1_177' title='bbox 749 2170 935 2225; x_wconf 88' lang='lat' dir='ltr'>patriae,</span> <span class='ocrx_word' id='word_1_178' title='bbox 961 2185 1040 2224; x_wconf 91' lang='lat' dir='ltr'>pro</span> <span class='ocrx_word' id='word_1_179' title='bbox 1062 2169 1258 2224; x_wconf 88' lang='lat' dir='ltr'>cuspide,</span> <span class='ocrx_word' id='word_1_180' title='bbox 1283 2169 1415 2223; x_wconf 85' lang='lat' dir='ltr'>leges,</span> 
     </span>
    </p>
   </div>
   <div class='ocr_carea' id='block_1_20' title="bbox 261 2239 1336 2295">
    <p class='ocr_par' dir='ltr' id='par_1_25' title="bbox 261 2239 1336 2295">
     <span class='ocr_line' id='line_1_34' title="bbox 261 2239 1336 2295; baseline -0.003 -13"><span class='ocrx_word' id='word_1_181' title='bbox 261 2241 383 2295; x_wconf 84' lang='lat' dir='ltr'>Quas</span> <span class='ocrx_word' id='word_1_182' title='bbox 405 2239 591 2282; x_wconf 90' lang='lat' dir='ltr'>Themis</span> <span class='ocrx_word' id='word_1_183' title='bbox 614 2241 657 2282; x_wconf 87' lang='lat' dir='ltr'>in</span> <span class='ocrx_word' id='word_1_184' title='bbox 682 2240 827 2282; x_wconf 87' lang='lat' dir='ltr'>medio</span> <span class='ocrx_word' id='word_1_185' title='bbox 850 2240 1037 2282; x_wconf 84' lang='lat' dir='ltr'>ventilat</span> <span class='ocrx_word' id='word_1_186' title='bbox 1063 2254 1205 2294; x_wconf 89' lang='lat' dir='ltr'>aequa</span> <span class='ocrx_word' id='word_1_187' title='bbox 1228 2239 1336 2280; x_wconf 88' lang='lat' dir='ltr'>foro.</span> 
     </span>
    </p>
   </div>
   <div class='ocr_carea' id='block_1_21' title="bbox 202 2309 296 2434">
    <p class='ocr_par' dir='ltr' id='par_1_26' title="bbox 202 2309 296 2434">
     <span class='ocr_line' id='line_1_35' title="bbox 202 2309 288 2350; baseline 0 0"><span class='ocrx_word' id='word_1_188' title='bbox 202 2309 288 2350; x_wconf 90' lang='lat' dir='ltr'>His</span> 
     </span>
     <span class='ocr_line' id='line_1_36' title="bbox 259 2380 296 2434; baseline 0 0"><span class='ocrx_word' id='word_1_189' title='bbox 259 2380 296 2434; x_wconf 90' lang='lat' dir='ltr'>Q</span> 
     </span>
    </p>
   </div>
   <div class='ocr_carea' id='block_1_22' title="bbox 301 2307 1310 2421">
    <p class='ocr_par' dir='ltr' id='par_1_27' title="bbox 301 2307 1310 2421">
     <span class='ocr_line' id='line_1_37' title="bbox 310 2307 1310 2364; baseline -0.002 -13"><span class='ocrx_word' id='word_1_190' title='bbox 310 2325 390 2364; x_wconf 86' lang='lat' dir='ltr'>ego</span> <span class='ocrx_word' id='word_1_191' title='bbox 415 2325 515 2352; x_wconf 89' lang='lat' dir='ltr'>cum</span> <span class='ocrx_word' id='word_1_192' title='bbox 542 2310 738 2352; x_wconf 89' lang='lat' dir='ltr'>Domino</span> <span class='ocrx_word' id='word_1_193' title='bbox 761 2324 940 2352; x_wconf 90' lang='lat' dir='ltr'>cernam</span> <span class='ocrx_word' id='word_1_194' title='bbox 964 2309 1137 2351; x_wconf 83' lang='lat' dir='ltr'>felicius</span> <span class='ocrx_word' id='word_1_195' title='bbox 1160 2307 1310 2357; x_wconf 88' lang='lat' dir='ltr'>armis,</span> 
     </span>
     <span class='ocr_line' id='line_1_38' title="bbox 301 2378 1273 2421; baseline -0.002 -1"><span class='ocrx_word' id='word_1_196' title='bbox 301 2393 403 2420; x_wconf 87' lang='lat' dir='ltr'>uam</span> <span class='ocrx_word' id='word_1_197' title='bbox 429 2379 537 2420; x_wconf 90' lang='lat' dir='ltr'>mihi</span> <span class='ocrx_word' id='word_1_198' title='bbox 561 2378 597 2421; x_wconf 89' lang='lat' dir='ltr'>si</span> <span class='ocrx_word' id='word_1_199' title='bbox 623 2378 803 2421; x_wconf 87' lang='lat' dir='ltr'>Siculus</span> <span class='ocrx_word' id='word_1_200' title='bbox 825 2380 898 2420; x_wconf 89' lang='lat' dir='ltr'>det</span> <span class='ocrx_word' id='word_1_201' title='bbox 923 2393 1004 2420; x_wconf 89' lang='lat' dir='ltr'>sua</span> <span class='ocrx_word' id='word_1_202' title='bbox 1026 2378 1115 2420; x_wconf 86' lang='lat' dir='ltr'>tela</span> <span class='ocrx_word' id='word_1_203' title='bbox 1137 2378 1273 2419; x_wconf 84' lang='lat' dir='ltr'>faber.</span> 
     </span>
    </p>
   </div>
   <div class='ocr_carea' id='block_1_23' title="bbox 201 2446 1392 2503">
    <p class='ocr_par' dir='ltr' id='par_1_28' title="bbox 201 2446 1392 2503">
     <span class='ocr_line' id='line_1_39' title="bbox 201 2446 1392 2503; baseline -0.003 -14"><span class='ocrx_word' id='word_1_204' title='bbox 201 2448 316 2490; x_wconf 91' lang='lat' dir='ltr'>Iuris</span> <span class='ocrx_word' id='word_1_205' title='bbox 339 2448 382 2489; x_wconf 91' lang='lat' dir='ltr'>in</span> <span class='ocrx_word' id='word_1_206' title='bbox 406 2448 707 2503; x_wconf 89' lang='lat' dir='ltr'>opprobrium,</span> <span class='ocrx_word' id='word_1_207' title='bbox 731 2448 849 2490; x_wconf 89' lang='lat' dir='ltr'>tituli</span> <span class='ocrx_word' id='word_1_208' title='bbox 873 2454 1148 2502; x_wconf 78' lang='lat' dir='ltr'>quaeruntur</span> <span class='ocrx_word' id='word_1_209' title='bbox 1170 2448 1225 2488; x_wconf 91' lang='lat' dir='ltr'>ab</span> <span class='ocrx_word' id='word_1_210' title='bbox 1248 2446 1392 2495; x_wconf 89' lang='lat' dir='ltr'>annis,</span> 
     </span>
    </p>
   </div>
   <div class='ocr_carea' id='block_1_24' title="bbox 258 2518 294 2572">
    <p class='ocr_par' dir='ltr' id='par_1_29' title="bbox 258 2518 294 2572">
     <span class='ocr_line' id='line_1_40' title="bbox 258 2518 294 2572; baseline 0 0"><span class='ocrx_word' id='word_1_211' title='bbox 258 2518 294 2572; x_wconf 95' lang='lat' dir='ltr'>Q</span> 
     </span>
    </p>
   </div>
   <div class='ocr_carea' id='block_1_25' title="bbox 300 2516 1094 2572">
    <p class='ocr_par' dir='ltr' id='par_1_30' title="bbox 300 2516 1094 2572">
     <span class='ocr_line' id='line_1_41' title="bbox 300 2516 1094 2572; baseline -0.001 -14"><span class='ocrx_word' id='word_1_212' title='bbox 300 2517 393 2559; x_wconf 92' lang='lat' dir='ltr'>ueis</span> <span class='ocrx_word' id='word_1_213' title='bbox 416 2517 539 2558; x_wconf 88' lang='lat' dir='ltr'>licuit</span> <span class='ocrx_word' id='word_1_214' title='bbox 564 2517 654 2572; x_wconf 88' lang='lat' dir='ltr'>regi</span> <span class='ocrx_word' id='word_1_215' title='bbox 677 2524 736 2567; x_wconf 89' lang='lat' dir='ltr'>te,</span> <span class='ocrx_word' id='word_1_216' title='bbox 762 2517 855 2559; x_wconf 89' lang='lat' dir='ltr'>sine</span> <span class='ocrx_word' id='word_1_217' title='bbox 878 2517 972 2567; x_wconf 87' lang='lat' dir='ltr'>lite,</span> <span class='ocrx_word' id='word_1_218' title='bbox 996 2516 1094 2558; x_wconf 85' lang='lat' dir='ltr'>frui.</span> 
     </span>
    </p>
   </div>
   <div class='ocr_carea' id='block_1_26' title="bbox 199 2586 1315 2636">
    <p class='ocr_par' dir='ltr' id='par_1_31' title="bbox 199 2586 1315 2636">
     <span class='ocr_line' id='line_1_42' title="bbox 199 2586 1315 2636; baseline -0.002 -9"><span class='ocrx_word' id='word_1_219' title='bbox 199 2586 342 2627; x_wconf 89' lang='lat' dir='ltr'>Saeva</span> <span class='ocrx_word' id='word_1_220' title='bbox 364 2586 454 2636; x_wconf 88' lang='lat' dir='ltr'>diu,</span> <span class='ocrx_word' id='word_1_221' title='bbox 477 2586 629 2636; x_wconf 85' lang='lat' dir='ltr'>fateor,</span> <span class='ocrx_word' id='word_1_222' title='bbox 653 2586 761 2628; x_wconf 88' lang='lat' dir='ltr'>mihi</span> <span class='ocrx_word' id='word_1_223' title='bbox 785 2601 832 2628; x_wconf 91' lang='lat' dir='ltr'>se</span> <span class='ocrx_word' id='word_1_224' title='bbox 857 2587 1057 2628; x_wconf 86' lang='lat' dir='ltr'>Fortuna</span> <span class='ocrx_word' id='word_1_225' title='bbox 1079 2599 1315 2627; x_wconf 88' lang='lat' dir='ltr'>novercam</span> 
     </span>
    </p>
   </div>
   <div class='ocr_carea' id='block_1_27' title="bbox 253 2721 295 2972">
    <p class='ocr_par' dir='ltr' id='par_1_32' title="bbox 253 2721 295 2972">
     <span class='ocr_line' id='line_1_43' title="bbox 255 2721 295 2742; baseline 0 0"><span class='ocrx_word' id='word_1_226' title='bbox 255 2721 295 2742; x_wconf 90' lang='lat'>20</span> 
     </span>
     <span class='ocr_line' id='line_1_44' title="bbox 254 2776 291 2797; baseline -0.027 0"><span class='ocrx_word' id='word_1_227' title='bbox 254 2776 291 2797; x_wconf 85' lang='lat'>21</span> 
     </span>
     <span class='ocr_line' id='line_1_45' title="bbox 255 2830 292 2860; baseline 0 0"><span class='ocrx_word' id='word_1_228' title='bbox 255 2830 292 2860; x_wconf 87' lang='lat'>23</span> 
     </span>
     <span class='ocr_line' id='line_1_46' title="bbox 253 2886 292 2916; baseline 0.026 -1"><span class='ocrx_word' id='word_1_229' title='bbox 253 2886 292 2916; x_wconf 89' lang='lat'>37</span> 
     </span>
     <span class='ocr_line' id='line_1_47' title="bbox 253 2934 293 2972; baseline 0 -10"><span class='ocrx_word' id='word_1_230' title='bbox 253 2934 293 2972; x_wconf 80' lang='lat'>48</span> 
     </span>
    </p>
   </div>
   <div class='ocr_carea' id='block_1_28' title="bbox 298 2712 1593 2972">
    <p class='ocr_par' dir='ltr' id='par_1_33' title="bbox 298 2712 1067 2754">
     <span class='ocr_line' id='line_1_48' title="bbox 298 2712 1067 2754; baseline 0 -12"><span class='ocrx_word' id='word_1_231' title='bbox 298 2735 306 2742; x_wconf 89' lang='lat'>.</span> <span class='ocrx_word' id='word_1_232' title='bbox 332 2712 418 2743; x_wconf 92' lang='lat' dir='ltr'>Fero</span> <span class='ocrx_word' id='word_1_233' title='bbox 436 2712 633 2754; x_wconf 86' lang='lat' dir='ltr'>sanguine.]</span> <span class='ocrx_word' id='word_1_234' title='bbox 678 2712 744 2749; x_wconf 83' lang='lat' dir='ltr'>i.e.,</span> <span class='ocrx_word' id='word_1_235' title='bbox 762 2713 802 2744; x_wconf 90' lang='lat' dir='ltr'>of</span> <span class='ocrx_word' id='word_1_236' title='bbox 813 2712 870 2744; x_wconf 87' lang='lat' dir='ltr'>the</span> <span class='ocrx_word' id='word_1_237' title='bbox 888 2713 1067 2744; x_wconf 88' lang='lat' dir='ltr'>Centaurs.</span> 
     </span>
    </p>

    <p class='ocr_par' dir='ltr' id='par_1_34' title="bbox 299 2763 1593 2862">
     <span class='ocr_line' id='line_1_49' title="bbox 299 2763 1593 2809; baseline -0.004 -12"><span class='ocrx_word' id='word_1_238' title='bbox 299 2790 305 2797; x_wconf 94' lang='lat'>.</span> <span class='ocrx_word' id='word_1_239' title='bbox 330 2767 496 2807; x_wconf 65' lang='lat' dir='ltr'>Orestes]</span> <span class='ocrx_word' id='word_1_240' title='bbox 541 2767 589 2799; x_wconf 92' lang='lat' dir='ltr'>As</span> <span class='ocrx_word' id='word_1_241' title='bbox 606 2767 737 2809; x_wconf 86' lang='lat' dir='ltr'>injured</span> <span class='ocrx_word' id='word_1_242' title='bbox 752 2767 797 2808; x_wconf 92' lang='lat' dir='ltr'>by</span> <span class='ocrx_word' id='word_1_243' title='bbox 815 2767 1074 2807; x_wconf 78' lang='lat' dir='ltr'>Neoptolemus,</span> <span class='ocrx_word' id='word_1_244' title='bbox 1092 2765 1170 2798; x_wconf 86' lang='lat' dir='ltr'>who</span> <span class='ocrx_word' id='word_1_245' title='bbox 1186 2764 1315 2797; x_wconf 87' lang='lat' dir='ltr'>carried</span> <span class='ocrx_word' id='word_1_246' title='bbox 1331 2764 1380 2795; x_wconf 80' lang='lat' dir='ltr'>off</span> <span class='ocrx_word' id='word_1_247' title='bbox 1395 2763 1593 2794; x_wconf 86' lang='lat' dir='ltr'>Hermione.</span> 
     </span>
     <span class='ocr_line' id='line_1_50' title="bbox 299 2821 1023 2862; baseline 0.001 -11"><span class='ocrx_word' id='word_1_248' title='bbox 299 2844 306 2851; x_wconf 90' lang='lat'>.</span> <span class='ocrx_word' id='word_1_249' title='bbox 333 2822 442 2853; x_wconf 80' lang='lat' dir='ltr'>Mater</span> <span class='ocrx_word' id='word_1_250' title='bbox 460 2822 694 2862; x_wconf 70' lang='lat' dir='ltr'>Hermiones]</span> <span class='ocrx_word' id='word_1_251' title='bbox 741 2822 852 2854; x_wconf 87' lang='lat' dir='ltr'>Helen</span> <span class='ocrx_word' id='word_1_252' title='bbox 869 2822 909 2853; x_wconf 86' lang='lat' dir='ltr'>of</span> <span class='ocrx_word' id='word_1_253' title='bbox 920 2821 1023 2862; x_wconf 90' lang='lat' dir='ltr'>Troy.</span> 
     </span>
    </p>

    <p class='ocr_par' dir='ltr' id='par_1_35' title="bbox 298 2876 1015 2918">
     <span class='ocr_line' id='line_1_51' title="bbox 298 2876 1015 2918; baseline 0 -12"><span class='ocrx_word' id='word_1_254' title='bbox 298 2900 304 2905; x_wconf 95' lang='lat'>.</span> <span class='ocrx_word' id='word_1_255' title='bbox 331 2877 459 2917; x_wconf 86' lang='lat' dir='ltr'>Regem</span> <span class='ocrx_word' id='word_1_256' title='bbox 476 2877 531 2917; x_wconf 89' lang='lat' dir='ltr'>qui</span> <span class='ocrx_word' id='word_1_257' title='bbox 549 2876 721 2917; x_wconf 85' lang='lat' dir='ltr'>laeserat.]</span> <span class='ocrx_word' id='word_1_258' title='bbox 765 2877 1015 2918; x_wconf 81' lang='lat' dir='ltr'>Agamemnon.</span> 
     </span>
    </p>

    <p class='ocr_par' dir='ltr' id='par_1_36' title="bbox 298 2931 791 2972">
     <span class='ocr_line' id='line_1_52' title="bbox 298 2931 791 2972; baseline 0 -10"><span class='ocrx_word' id='word_1_259' title='bbox 298 2956 304 2962; x_wconf 94' lang='lat'>.</span> <span class='ocrx_word' id='word_1_260' title='bbox 332 2933 465 2965; x_wconf 81' lang='lat' dir='ltr'>Siculus</span> <span class='ocrx_word' id='word_1_261' title='bbox 483 2931 602 2972; x_wconf 86' lang='lat' dir='ltr'>saber.]</span> <span class='ocrx_word' id='word_1_262' title='bbox 648 2932 791 2964; x_wconf 88' lang='lat' dir='ltr'>Vulcan.</span> 
     </span>
    </p>
   </div>
   <div class='ocr_carea' id='block_1_29' title="bbox 1783 1144 1836 1183">
    <p class='ocr_par' dir='ltr' id='par_1_37' title="bbox 1783 1144 1836 1183">
     <span class='ocr_line' id='line_1_53' title="bbox 1783 1144 1836 1183; baseline 0 -11"><span class='ocrx_word' id='word_1_263' title='bbox 1783 1144 1836 1183; x_wconf 78' lang='lat'>30</span> 
     </span>
    </p>
   </div>
   <div class='ocr_carea' id='block_1_30' title="bbox 1780 1834 1835 1874">
    <p class='ocr_par' dir='ltr' id='par_1_38' title="bbox 1780 1834 1835 1874">
     <span class='ocr_line' id='line_1_54' title="bbox 1780 1834 1835 1874; baseline 0 -12"><span class='ocrx_word' id='word_1_264' title='bbox 1780 1834 1835 1874; x_wconf 81' lang='lat'>40</span> 
     </span>
    </p>
   </div>
   <div class='ocr_carea' id='block_1_31' title="bbox 1778 2524 1831 2565">
    <p class='ocr_par' dir='ltr' id='par_1_39' title="bbox 1778 2524 1831 2565">
     <span class='ocr_line' id='line_1_55' title="bbox 1778 2524 1831 2565; baseline 0 -11"><span class='ocrx_word' id='word_1_265' title='bbox 1778 2524 1831 2565; x_wconf 85' lang='grc'>50</span> 
     </span>
    </p>
   </div>
  </div>
 </body>
</html>
