2594 3749
656 311 736 339 222
1442 308 1680 341 I‘ARERGA.

831 426 957 467 Haec
984 425 1126 467 Ithaci
1151 425 1297 475 sociis,
1324 425 1497 480 magico
1522 426 1722 476 stridore,
1744 427 1966 481 loquelam

887 494 1096 543 Abstulit,
1118 494 1194 536 illa
1217 494 1355 536 sacris
1377 495 1556 537 vatibus
1578 510 1655 538 ora
1678 496 1854 550 premit.

830 564 918 604 Fas
941 569 1035 604 erat
1058 570 1288 605 aeternum
1312 563 1505 617 reliquos
1529 570 1791 615 mutescere,
1817 564 1983 607 Phoebi

886 632 1115 687 Quotquot
1138 639 1180 673 et
1203 631 1426 674 Aonidum
1450 633 1616 687 templa
1638 647 1802 675 canora
1825 633 1992 675 colunt.

828 700 924 741 Vox
948 715 1073 742 sacra
1098 700 1340 742 Menstraei
1365 708 1446 751 est,
1471 715 1559 743 non
1587 702 1697 744 haec
1720 708 1998 756 praevertere
2019 702 2111 744 fata

887 769 1067 819 Debuit,
1092 776 1184 819 aut,
1208 769 1388 811 domino
1411 784 1499 811 non
1524 770 1756 820 moriente,
1781 770 1906 812 mori.

828 839 928 879 Non
952 839 1072 893 prius
1097 839 1262 880 Iliados
1285 839 1479 894 lymphis
1500 839 1729 882 vocalibus
1752 846 1908 882 auctor

884 907 1122 956 Abstinuit,
1148 908 1314 949 Lethes
1337 922 1470 962 quam
1494 908 1604 950 foret
1628 909 1793 950 hausta
1816 909 1959 963 palus.
2401 921 2456 962 30

828 978 921 1018 Nee
945 983 1070 1031 pater
1091 983 1195 1019 ante
1221 978 1346 1019 Maro
1371 977 1507 1027 siluit,
1533 991 1667 1031 quam
1691 992 1828 1032 regna
1853 978 2074 1020 Silentum

885 1047 943 1087 Et
968 1045 1118 1101 Stygis
1140 1047 1354 1087 obscuras
1378 1046 1535 1088 umbra
1563 1046 1754 1088 subisset
1782 1061 1935 1100 aquas.

827 1114 1175 1169 Pindaricusque
1199 1129 1333 1156 senex
1356 1114 1483 1169 liquit
1507 1129 1607 1156 cum
1632 1115 1808 1169 pectine
1831 1115 1992 1165 lucem,

885 1185 1076 1238 Unaque
1100 1198 1185 1225 nox
1206 1184 1324 1225 vitae
1349 1190 1470 1225 meta
1491 1183 1700 1239 lyraeque
1723 1184 1820 1225 fuit.

826 1253 1004 1307 Orphea
1027 1253 1125 1306 quis
1149 1252 1323 1294 nescit?
1358 1259 1492 1306 caput
1515 1267 1540 1294 a
1564 1253 1732 1295 cervice
1755 1253 1981 1294 revulsum

884 1322 1004 1364 Huic
1027 1328 1133 1370 erat,
1156 1328 1198 1363 et
1222 1336 1417 1363 mersum
1441 1322 1664 1371 fluctibus,
1688 1323 1852 1372 Hebre,
1877 1321 1992 1363 tuis:

826 1391 976 1433 Prisca
998 1397 1149 1432 tamen
1173 1391 1338 1432 mansit
1361 1405 1457 1439 vox,
1479 1397 1521 1432 et
1550 1391 1819 1433 mirantibus
1846 1391 1991 1440 undis,

880 1460 1125 1513 Antiquum
1150 1459 1294 1513 patrio
1315 1459 1428 1501 fudit
1452 1459 1495 1500 in
1519 1474 1650 1501 amne
1673 1459 1828 1501 melos.

825 1529 1038 1583 Quaeque
1060 1528 1175 1570 feras
1196 1528 1300 1569 olim
1324 1528 1473 1579 traxit,
1500 1543 1649 1570 comes
1672 1529 1825 1570 addita
1847 1528 1943 1570 voci

883 1597 1101 1646 Barbitos,
1120 1596 1164 1637 in
1189 1596 1346 1638 mediis
1370 1604 1527 1652 sponte
1550 1598 1738 1639 sonabat
1762 1597 1903 1651 aquis.
2399 1610 2453 1650 40

822 1666 1002 1707 Enthea
1027 1666 1269 1707 Menstraei
1292 1680 1376 1707 vox
1398 1666 1736 1708 florescentibus
1759 1666 1888 1708 annis

882 1735 1059 1785 Deficit,
1084 1742 1141 1785 et,
1166 1735 1347 1776 domino
1371 1749 1460 1776 non
1484 1742 1712 1790 pereunte,
1736 1735 1864 1790 perit.

822 1806 1040 1846 Auratum
1064 1804 1126 1846 sic
1150 1819 1282 1859 saepe
1306 1805 1432 1847 iubar
1455 1805 1530 1847 Sol
1553 1807 1720 1847 arduus
1743 1806 1900 1847 umbra

883 1875 1103 1928 Implicat‚
1127 1882 1170 1916 et
1195 1875 1340 1916 medio
1363 1875 1506 1929 perdit
1530 1875 1574 1916 in
1597 1889 1677 1917 axe
1700 1875 1832 1917 diem.

820 1943 1040 1997 Tempore
1063 1943 1126 1986 sic
1148 1958 1283 1985 verno
1305 1944 1394 1985 vidi
1418 1958 1693 1986 marcescere
1716 1944 1861 1993 flores,

883 2014 1118 2067 Prataque,
1143 2013 1292 2054 nescio
1315 2028 1401 2068 quo
1424 2013 1565 2055 sidere
1586 2020 1724 2063 tacta,
1749 2013 1874 2054 mori.

825 2083 1056 2124 Musarum
1083 2083 1336 2137 Phoebique
1359 2084 1495 2138 prius,
1520 2084 1789 2133 Menstraee,
1815 2083 2035 2131 sacerdos,

882 2153 1013 2194 Nunc
1036 2167 1161 2194 amor
1182 2152 1332 2194 Arctoi
1355 2152 1651 2206 deliciumque
1675 2152 1820 2200 Iovis;

825 2221 911 2262 Hei
936 2221 1060 2272 mihi,
1087 2223 1342 2263 Menstraeo
1363 2228 1580 2276 quantum
1609 2227 1811 2262 mutatus
1834 2221 1888 2262 ab
1912 2220 1987 2261 illo
2010 2234 2071 2269 es,

882 2290 1055 2332 Nobilis
1078 2291 1329 2332 orchestrae
1352 2290 1425 2344 qui
1448 2291 1583 2332 decus
1604 2304 1736 2331 omne
1758 2289 1860 2331 tulit
1880 2289 1887 2330 !
2397 2298 2452 2340 50

824 2359 1016 2401 Sidnaeo
1039 2359 1112 2413 qui
1136 2360 1270 2414 digna
1292 2360 1428 2410 dedit,
1453 2359 1526 2413 qui
1549 2359 1745 2401 carmine
1768 2357 1889 2399 molli

883 2429 1087 2470 Helladis
1110 2429 1316 2483 aequavit
1342 2428 1721 2482 Romulidumque
1747 2427 1874 2482 lyras.

825 2498 997 2553 Quique
1020 2498 1263 2540 Caledonio
1288 2499 1490 2540 Iessaeos
1519 2497 1694 2552 pectine
1717 2511 1874 2538 nervos

883 2567 1080 2622 Impulit,
1105 2575 1146 2610 et
1170 2582 1322 2610 sacrae
1345 2568 1473 2609 dulce
1497 2566 1645 2609 Sionis
1667 2567 1788 2608 ebur.

824 2636 893 2676 En
919 2637 1091 2687 Musae,
1115 2637 1362 2691 solitusque
1383 2636 1495 2691 fugit
1519 2634 1775 2690 praecordia
1800 2634 2022 2683 Phoebus,

763 2803 814 2834 27.
842 2795 1054 2836 Menstraei.]
1100 2795 1165 2833 i.e.,
1180 2796 1219 2827 of
1232 2796 1407 2833 Mensffie,
1420 2796 1501 2828 then
1515 2795 1572 2827 the
1586 2795 1703 2836 family
1720 2800 1828 2827 estate
1842 2794 1881 2825 of
1893 2793 1951 2825 the
1965 2791 2186 2828 Alexanders,
2201 2801 2280 2822 near
2297 2791 2448 2832 Stirling.

764 2858 816 2887 53.
843 2849 1028 2890 1essaeos.]
1072 2849 1137 2889 i.e.‚
1167 2854 1186 2867 “
1203 2850 1379 2887 Davidic‚'‘
1403 2850 1469 2881 like
1495 2850 1645 2889 David's,
1673 2850 1731 2881 the
1755 2858 1817 2880 son
1842 2848 1881 2880 of
1898 2848 2005 2888 Jesse.
2055 2846 2129 2877 The
2146 2845 2290 2877 allusion
2308 2845 2336 2876 is
2353 2851 2388 2876 to
2406 2855 2448 2877 an

652 2902 792 2944 English
821 2904 842 2918 “
859 2903 1002 2935 Version
1026 2904 1066 2936 os
1084 2904 1142 2936 the
1168 2905 1332 2938 Psalms’‘
1358 2904 1538 2947 published
1561 2904 1605 2946 by
1629 2903 1686 2936 the
1710 2903 1788 2935 Earl
1813 2903 1852 2935 of
1873 2901 2014 2944 Stirling
2038 2901 2070 2932 in
2099 2902 2190 2943 1631,
2216 2908 2325 2934 12mo.
