2594 3749
734 311 814 351 114

729 574 855 616 XIV.

1509 307 1747 340 PARERGA.

953 573 1194 616 ELEGIA
1258 574 1341 614 AD
1407 573 1864 616 REVERENDUM
1932 571 2014 614 ET
2080 573 2530 617 AMPLISSIMUM

903 653 1115 695 VIRUM
1175 653 1230 694 D.
1293 653 1503 695 NICOL.
1563 653 1651 695 DU
1711 653 1874 702 FIEF,
1932 653 2404 695 CONSILIARIUM
2464 654 2529 695 IN

903 733 1206 775 SUPREMA
1236 733 1433 775 CURIA
1468 733 1965 782 MECHLINIENSI‚
1997 733 2132 775 CUM
2165 731 2532 775 SENTENTIA

904 811 1101 855 ESSET
1135 813 1349 854 FEREN
1359 813 1455 855 DA.

901 938 991 981 Ter
1011 938 1154 981 tribus
1176 939 1378 993 ignotum
1403 939 1571 984 sulcavi
1596 938 1824 981 mensibus
1847 953 2026 992 aequor,

961 1009 1020 1050 Et
1044 1007 1180 1050 maris
1203 1008 1351 1050 infesti
1375 1008 1524 1050 taedia
1548 1007 1668 1049 mille
1690 1008 1788 1050 tuli.

903 1076 1034 1119 Nunc
1058 1076 1167 1118 mihi
1190 1091 1237 1118 se
1259 1078 1441 1119 tandem
1464 1082 1531 1118 tot
1554 1083 1653 1131 post
1676 1076 1870 1127 fastidia,
1894 1076 2029 1118 tellus

960 1145 1184 1195 Ostendit,
1209 1145 1324 1187 votis
1348 1160 1481 1200 saepe
1504 1145 1644 1200 petita
1669 1145 1797 1187 meis.

903 1214 976 1256 Nil
1000 1229 1128 1268 mage
1151 1214 1407 1264 iucundum,
1431 1216 1506 1256 sed
1530 1216 1634 1256 dum
1659 1229 1794 1269 prope
1818 1214 1969 1256 littora
1991 1228 2140 1265 cerno,

961 1283 1124 1325 Nescio
1147 1283 1247 1338 quis
1269 1285 1418 1326 turbat
1443 1290 1622 1338 pectora
1645 1291 1798 1326 nostra
1821 1290 1983 1326 metus.

901 1353 1119 1407 Aequoris
1142 1352 1185 1394 in
1209 1352 1356 1394 medio
1378 1352 1540 1407 puppis
1563 1367 1718 1394 secura
1740 1352 1892 1407 pericli
1915 1359 1998 1403 est,

960 1422 1121 1464 Pandit
1145 1428 1187 1463 et
1212 1421 1383 1464 insanis
1406 1423 1592 1464 carbasa
1614 1428 1710 1464 tota
1735 1422 1882 1464 Notis.

902 1491 1078 1533 Littora
1101 1491 1345 1544 naufragiis
1369 1506 1498 1546 mage
1522 1498 1624 1533 sunt
1648 1491 1854 1542 obnoxia,
1878 1492 2074 1546 prudens

960 1562 1229 1615 Suspectum
1254 1575 1429 1615 semper
1450 1560 1602 1603 navita
1625 1561 1753 1603 littus
1775 1561 1925 1603 habet.

901 1630 1118 1684 Aequoris
1141 1630 1348 1672 immensi
1370 1629 1615 1681 victricem,
1640 1637 1682 1672 et
1706 1631 1805 1672 vela
1828 1630 2050 1685 legentem

960 1698 1167 1741 Vidimus
1190 1699 1233 1740 in
1257 1706 1387 1753 portu
1413 1713 1548 1754 saepe
1574 1699 1715 1754 perire
1742 1706 1899 1741 ratem.

903 1767 1014 1818 Fife,
1038 1769 1173 1810 decus
1196 1768 1383 1822 patriae,
1406 1768 1471 1810 fer
1491 1783 1634 1823 opem,
1656 1783 1798 1810 novus
1821 1769 1992 1810 advena
2015 1768 2202 1823 supplex

962 1838 1106 1892 Quam
1130 1837 1255 1890 petit,
1281 1843 1323 1878 et
1346 1836 1530 1878 timidae
1554 1836 1691 1890 dirige
1715 1836 1877 1891 puppis
1899 1836 1996 1878 iter.

905 1905 992 1946 Hic
1017 1905 1222 1955 Helicen,
1247 1905 1361 1947 alius
1385 1906 1664 1961 Cynosuram
1689 1912 1876 1960 spectet,
1900 1912 1942 1947 et
1970 1905 2110 1959 ignea

962 1974 1060 2014 Hos
1083 1981 1258 2027 praeter
1280 1974 1316 2015 si
1340 1988 1452 2027 quos
1474 1975 1604 2016 turba
1628 1974 1802 2016 marina
1824 1981 1962 2015 notat.

904 2041 978 2082 Nil
1004 2041 1111 2082 mihi
1135 2056 1236 2083 cum
1261 2042 1418 2092 stellis,
1444 2042 1563 2084 acies
1585 2049 1629 2084 te
1651 2048 1804 2083 nostra
1826 2049 1992 2092 tuetur,

962 2110 1060 2164 Quo
1083 2109 1192 2150 nihil
1217 2109 1260 2150 in
1285 2110 1395 2151 caeli
1419 2109 1582 2151 clarius
1606 2124 1685 2151 axe
1710 2109 1860 2151 micat.

905 2178 1021 2219 Orbe
1045 2177 1195 2231 procul
1220 2177 1364 2231 patrio
1387 2177 1606 2232 peregrini
1631 2177 1793 2219 littoris
1816 2192 1938 2219 oram

963 2247 1082 2288 Dum
1108 2246 1220 2300 lego,
1245 2254 1293 2288 tu
1319 2247 1491 2296 Pollux,
1515 2254 1564 2288 tu
1589 2247 1697 2288 mihi
1722 2247 1884 2290 Castor
1905 2246 2002 2288 eris.

904 2315 969 2357 Te
996 2317 1121 2365 duce,
1147 2329 1258 2369 quae
1283 2316 1436 2366 metui,
1461 2323 1595 2370 caput
1623 2316 1855 2358 obiectabo
1881 2315 2073 2370 periclis,

963 2383 1162 2437 Velaque
1186 2398 1368 2425 securus
1391 2398 1467 2438 per
1487 2386 1602 2426 vada
1625 2399 1757 2426 caeca
1784 2384 1938 2426 feram.

907 2453 984 2495 Sin
1009 2453 1118 2493 mihi
1142 2453 1246 2507 quid
1269 2454 1417 2494 forsan
1440 2453 1545 2495 fatis
1568 2453 1769 2507 obtingat
1794 2453 1972 2507 iniquis,

966 2522 1023 2562 Et
1049 2536 1134 2575 quo
1158 2535 1245 2562 non
1270 2521 1410 2563 merui
1434 2536 1554 2563 more
1578 2522 1718 2576 perire
1743 2522 1889 2563 sinas:

909 2589 1009 2640 His,
1034 2590 1106 2632 ubi
1137 2590 1419 2644 naufragium
1448 2590 1543 2638 feci,
1565 2591 1633 2632 fac
1660 2592 1826 2633 condar
1847 2590 1890 2631 in
1914 2590 2016 2640 oris,

967 2659 1024 2699 Et
1047 2666 1171 2712 gerat
1196 2659 1314 2700 hunc
1338 2659 1518 2700 titulum
1543 2659 1616 2713 qui
1640 2666 1759 2713 teget
1783 2673 1885 2700 ossa
1908 2659 2047 2712 lapis:

909 2727 1029 2768 Dum
1053 2727 1164 2780 fugit
1188 2727 1339 2768 infelix
1363 2727 1468 2769 Caci
1495 2729 1736 2769 Ionstonus
1759 2729 1814 2769 ab
1837 2733 1981 2776 antro,

965 2797 1031 2836 Ad
1055 2810 1191 2849 quam
1215 2796 1428 2849 confugit,
1453 2797 1562 2850 proh
1588 2797 1742 2850 pudor,
1767 2810 1843 2838 ara
1867 2802 2013 2837 necat.

854 2919 879 2940 1.
907 2908 1041 2940 Sulcavi
1059 2910 1215 2952 aequor]
1261 2909 1335 2941 The
1352 2910 1492 2950 garland
1509 2910 1548 2941 of
1563 2909 1710 2942 nautical
1729 2909 1858 2951 images
1876 2909 1903 2940 is
1920 2909 1953 2939 in
1971 2909 2039 2940 this
2058 2918 2157 2950 poem
2175 2918 2254 2949 very
2271 2907 2418 2939 notable.

2483 1573 2534 1602 10

2480 2258 2533 2287 20

2520 3515 2539 3749 32—-u-2m„
2530 3479 2532 3502 -
