2594 3749
26 3522 32 3749 l

737 336 1001 368 BOHEMIAN
1035 336 1307 369 STRUGGLE.

294 455 374 495 Ast
398 468 478 508 ego
501 452 605 507 quid
629 453 803 495 merui?
838 453 958 496 nullo
980 461 1024 495 te
1047 454 1242 508 pessima
1263 455 1371 497 laesi

351 521 574 564 Crimine:
609 521 737 576 culpa
759 521 840 563 fuit
864 521 972 572 sola,
996 522 1132 564 fuisse
1156 522 1293 576 pium.

293 589 482 645 Templa
499 597 577 632 tua
600 605 814 632 succensa
844 605 980 632 manu
1003 597 1080 633 aut
1103 592 1316 633 subversa
1339 591 1559 642 iacebant,

353 658 639 712 Numinaque
661 658 758 714 ipsa
781 659 939 710 (nefas)
964 666 1135 701 vertere
1157 659 1278 701 iussa
1301 659 1460 702 solum.

296 727 380 768 His
402 727 572 769 luctata
595 727 669 769 diu
691 727 810 769 victa
834 734 901 769 est
925 727 1143 782 patientia
1166 727 1391 778 monstris,

354 795 447 836 Nec
470 794 609 849 potui,
633 794 787 845 fateor,
811 794 936 844 ferre,
961 796 1077 848 quod
1095 802 1199 836 ante
1221 795 1317 837 tuli.

297 865 384 905 Fas
407 870 501 905 erat
525 864 605 905 has
628 863 765 905 animi
789 871 938 918 pestes
961 864 1216 906 exscindere
1239 864 1366 915 ferro,

355 934 413 974 Et
436 933 540 974 dare
563 932 814 987 sulphureis
838 941 1039 974 monstra
1060 934 1258 975 voranda
1281 933 1423 988 rogis:

295 1001 503 1043 Abstinui
526 1008 677 1043 tamen
699 1001 784 1052 his,
809 1001 945 1043 armis
967 1001 1204 1044 levioribus
1228 1017 1362 1052 usus;

352 1072 488 1112 Arma
512 1070 672 1120 minae,
697 1070 824 1113 nobis
848 1085 972 1112 arma
993 1071 1113 1113 fuere
1137 1086 1304 1126 preces.

297 1139 413 1195 Quid
434 1139 557 1189 facis,
582 1139 771 1189 aiebam,
797 1154 909 1193 quae
932 1147 975 1181 te
998 1141 1228 1182 dementat
1253 1140 1463 1196 Erinnys,

355 1209 463 1249 Pars
486 1207 676 1258 animae,
701 1208 908 1258 coniunx,
932 1208 1255 1263 dimidiumque
1279 1210 1437 1251 meae?

297 1277 380 1318 Est
404 1291 499 1327 sua,
523 1276 559 1317 si
583 1291 781 1331 spernas,
807 1276 968 1318 animis
991 1277 1258 1319 caelestibus
1281 1277 1371 1320 ira:

355 1346 468 1387 Sunt
493 1352 550 1395 et,
576 1360 674 1387 sera
696 1345 813 1396 licet,
837 1345 1025 1387 fulmina
1047 1353 1166 1387 certa
1192 1346 1301 1388 Iovi.

297 1416 519 1457 Admonet
542 1415 672 1457 officii
698 1414 934 1469 Phlegyas,
958 1415 1032 1468 qui
1056 1415 1254 1469 perditus
1277 1415 1373 1458 aedi

357 1484 516 1525 Fertur
537 1483 795 1538 Apollineae
818 1483 1107 1538 supposuisse
1129 1484 1262 1526 faces.

299 1552 378 1593 Ille
400 1567 585 1607 gemens
608 1554 723 1595 Orco
745 1552 790 1593 in
814 1552 960 1594 medio
983 1554 1064 1594 sub
1088 1554 1280 1607 pondere
1303 1553 1409 1603 saxi,

357 1622 492 1663 Sacra
514 1620 593 1663 tibi
617 1628 834 1675 quantum
858 1621 946 1663 sint
969 1624 1237 1672 veneranda,
1266 1624 1408 1664 docet.

299 1691 399 1732 Hoc
421 1689 570 1732 lucum
595 1690 769 1733 Cereris
790 1690 955 1732 violare
982 1690 1247 1744 bipennibus
1274 1706 1424 1742 ausuS‚

358 1760 457 1801 Hoc
480 1759 615 1801 miser
638 1759 962 1814 Hippomenes,
988 1760 1070 1802 hoc
1093 1760 1307 1803 Atalanta
1330 1768 1496 1803 monet.

300 1829 386 1870 Sed
409 1827 578 1871 cultum
602 1835 645 1870 te
668 1829 784 1884 finge
810 1829 930 1870 Deos
957 1843 1045 1870 non
1072 1844 1266 1884 poscere,
1291 1829 1449 1871 saltem

360 1898 473 1948 Hoc,
498 1897 690 1940 coniunx
713 1912 738 1940 a
760 1904 804 1939 te
827 1899 944 1952 quod
967 1906 1084 1953 peto,
1110 1898 1252 1953 poscit
1275 1913 1414 1941 amor.

300 1968 415 2010 Cum
439 1966 547 2009 mihi
570 1967 722 2009 iuncta
744 1973 841 2010 toro
865 1967 940 2018 sis,
965 1982 1044 2010 cur
1065 1968 1316 2010 divellimur
1338 1968 1459 2011 aris?

360 2035 406 2079 Si
429 2036 597 2091 placeo,
621 2051 700 2078 cur
721 2050 809 2078 non
833 2043 876 2079 et
900 2051 1000 2079 mea
1022 2051 1148 2080 sacra
1171 2037 1382 2092 placent?

304 2106 431 2147 Iusta
453 2111 581 2160 pet03
616 2119 728 2159 quae
750 2119 868 2147 nunc
889 2105 1079 2156 fastidis,
1104 2114 1207 2148 ante
1234 2105 1470 2161 placebant

360 2175 498 2216 Sacra
519 2173 615 2225 tibi,
639 2181 819 2216 sanctos
841 2175 948 2216 dum
972 2174 1219 2229 sequereris
1241 2190 1362 2217 avos.

303 2242 349 2285 Si
372 2242 477 2285 libet
500 2249 543 2285 et
564 2243 633 2285 fas
655 2250 737 2294 est,
762 2243 947 2286 annales
969 2251 1142 2294 excute,
1166 2244 1313 2286 saecla

361 2313 475 2355 Octo
497 2311 565 2355 bis
586 2312 787 2354 invenies
810 2312 879 2354 his
903 2320 1086 2368 operata
1109 2313 1261 2355 sacris.

302 2381 374 2431 At,
398 2380 478 2424 tibi
502 2395 633 2435 quem
657 2381 782 2424 laevo
804 2381 971 2424 finxisti
995 2382 1192 2433 numine,
1217 2382 1365 2424 cultus

360 2449 517 2505 Coepit
540 2449 660 2500 heri3
693 2450 814 2493 dices
837 2465 935 2493 cras
957 2450 1066 2492 mihi
1089 2451 1250 2500 forsan,
1272 2451 1346 2493 ubi
1370 2458 1435 2493 est
1454 2452 1469 2493 ?

305 2520 432 2561 Haec
453 2533 535 2574 ego
557 2534 671 2570 sum,
696 2519 894 2570 memini,
918 2520 987 2562 vel
1009 2535 1097 2562 non
1120 2520 1295 2562 diversa
1316 2520 1527 2574 loquutus
1545 2534 1553 2568 ;

361 2589 448 2631 Sed
469 2588 674 2644 precibus
697 2589 815 2631 sensi
838 2590 1011 2645 pondus
1034 2590 1189 2631 abesse
1212 2589 1338 2631 meis.

303 2656 483 2700 Crimen
506 2663 615 2708 erat,
639 2672 943 2714 magnumque
969 2658 1107 2708 nefas,
1132 2665 1174 2700 et
1198 2665 1340 2700 morte
1362 2657 1591 2712 piandum,

360 2725 550 2781 Templa
574 2726 687 2776 Diis,
710 2726 891 2782 templis
913 2728 1093 2769 reddere
1114 2727 1226 2769 velle
1251 2728 1386 2768 Deos.

1018 3010 1047 3037 H

1866 342 1917 384 57

1871 935 1923 975 60

1876 1634 1929 1675 70

1879 2312 1932 2352 80

245 2849 297 2881 71.
323 2841 455 2872 Lucum
474 2841 633 2881 Cereris]
680 2841 781 2873 From
805 2841 862 2873 the
886 2841 981 2882 cycle
1005 2842 1044 2873 of
1064 2841 1223 2883 Legends
1247 2841 1286 2873 os
1305 2840 1486 2882 Calydon3
1511 2840 1577 2872 and
1597 2849 1707 2871 seems
1725 2839 1874 2871 founded
1890 2849 1934 2870 on

133 2894 292 2927 Homer's
307 2895 412 2935 Iliad,
434 2896 493 2927 IX.
511 2905 586 2936 535.

245 2959 297 2991 72·
323 2950 590 2992 Hippomenes]
634 2951 726 2983 Won
744 2951 802 2983 the
819 2951 911 2983 hand
927 2952 966 2983 os
976 2951 1149 2983 Atalanta.
1197 2952 1249 2982 On
1269 2951 1346 2981 dum
1364 2951 1396 2982 in
1415 2951 1481 2982 line
1498 2952 1550 2992 78,
1563 2961 1619 2981 see
1637 2956 1717 2981 note
1734 2961 1778 2981 on
1796 2949 1863 2980 line
1880 2959 1910 2989 3.
