2594 3749
556 332 782 364 APOLOGY
814 332 909 364 FOR
942 333 971 364 Α
1004 332 1365 365 FORESTALLER.

236 451 396 494 Mortis
418 450 462 492 in
486 450 693 506 amplexu
715 456 784 492 sat
808 449 942 492 habet
966 449 1128 492 delicta
1151 449 1277 492 fateri
1298 465 1307 499 ;

292 520 733 576 Exemplo·pendens
755 519 799 561 in
822 533 952 562 cruce
974 519 1088 561 latro
1111 519 1267 574 praeit.

231 592 416 634 Abiecto
439 590 588 646 potius
611 591 832 633 debebant
855 589 1041 632 fulmine
1064 596 1214 644 patres

289 660 420 702 Iridis
443 660 696 715 exemplum
720 659 1045 713 consiliumque
1069 658 1208 713 sequi.

228 729 452 772 Tristibus
478 729 705 784 Harpyias
728 728 880 772 Calais
903 743 1004 770 cum
1028 728 1162 770 fratre
1185 727 1362 781 sagittis

286 801 401 842 Cum
426 806 609 854 peteret,
635 805 792 853 coepto
815 798 978 840 restitit
1002 798 1078 840 illa
1100 797 1229 840 truci.

231 869 367 910 Parce
390 867 493 918 tuis,
518 867 676 922 inquit,
702 867 873 917 iaculis,
898 866 1136 921 Aquilonia
1159 866 1319 921 proleS‚

287 938 427 991 Inque
452 936 570 979 Iovis
593 936 682 978 noli
706 936 922 991 stringere
944 936 1034 978 tela
1056 950 1204 978 canes.

229 1006 440 1048 Numinis
464 1006 649 1060 imperio
671 1011 916 1061 posuerunt
940 1005 1111 1060 spicula
1134 1005 1306 1055 fratres,

283 1075 566 1130 Alitibusque
590 1075 727 1117 sacris
750 1074 1006 1117 abstinuere
1029 1089 1204 1116 manus

229 1145 399 1187 Baldus
422 1147 477 1188 ab
502 1146 700 1201 Harpyis
722 1145 856 1187 traxit
880 1160 1034 1200 genus,
1060 1144 1265 1187 aemulus
1288 1144 1374 1185 illis

287 1215 525 1268 Unguibus
547 1214 744 1257 hamatis
767 1214 897 1256 obvia
924 1229 1124 1268 quaeque
1151 1213 1281 1268 rapit.

228 1284 385 1326 Intulit
409 1284 638 1326 Arcadicis
661 1284 823 1326 chorus
846 1284 917 1326 hic
940 1284 1105 1326 ieiunia
1128 1283 1309 1333 mensis,

283 1355 518 1396 Scotorum
541 1353 716 1408 populis
740 1353 962 1396 subtrahit
986 1353 1059 1395 ille
1082 1355 1235 1408 dapes.

228 1424 381 1465 Insula
404 1424 551 1466 cincta
574 1423 685 1465 mari
708 1423 842 1465 tellus
869 1423 1033 1465 natalis
1056 1423 1232 1477 utrique
1256 1429 1337 1472 est,

284 1494 371 1535 Par
392 1500 458 1535 est
482 1492 715 1547 ingluvies,
741 1500 844 1535 sunt
870 1493 989 1535 Iovis
1012 1494 1144 1535 ambo
1167 1507 1316 1534 canes.

227 1562 462 1617 Discrepat
488 1562 701 1618 Harpyiis
726 1563 910 1612 Baldus,
935 1570 1039 1604 sunt
1062 1562 1244 1604 caelites
1267 1562 1382 1611 illae,

284 1632 372 1674 Hic
395 1632 571 1675 catulus
595 1632 738 1687 Stygii
762 1632 957 1674 creditur
978 1646 1074 1674 esse
1100 1631 1233 1673 Iovis.

226 1702 311 1743 Sed
335 1701 452 1744 subit
475 1700 715 1743 invidiam:
750 1701 900 1743 mirari
928 1701 1105 1743 Scotica
1128 1702 1267 1755 pubes

283 1770 476 1812 Desine:
509 1769 687 1812 virtutis
710 1770 904 1812 creditur
925 1769 1001 1811 illa
1025 1784 1189 1811 comes.

225 1842 382 1884 Sibilat
405 1843 524 1884 hunc
547 1842 753 1897 populus,
780 1842 950 1884 Baldus
974 1842 1056 1884 sibi
1079 1841 1266 1896 plaudit,
1291 1847 1481 1896 ovatque

283 1912 385 1966 Ipse
407 1911 541 1961 domi,
567 1911 717 1966 populi
741 1912 846 1953 dum
871 1911 1111 1966 populatur
1133 1925 1253 1965 opes.

225 1980 356 2023 Ridet
380 1988 422 2022 et
445 1980 517 2023 hic
540 1980 659 2023 diras
682 1980 879 2035 inopum,
905 1980 1128 2022 contraria
1149 1988 1254 2022 vota

281 2049 471 2092 Mercari
493 2049 695 2100 minimo,
720 2050 755 2092 si
779 2050 915 2100 lubet,
941 2065 1041 2092 aere
1064 2057 1226 2105 potest.

223 2120 317 2161 Nec
340 2119 483 2169 timet,
508 2119 638 2161 invisi
661 2134 715 2161 ne
738 2134 825 2161 non
850 2126 949 2174 post
972 2120 1065 2161 fata
1088 2118 1286 2174 parent-is

277 2187 392 2230 Tam
416 2188 532 2230 male
556 2187 756 2243 quaesito
778 2190 971 2244 gaudeat
994 2203 1094 2231 aere
1116 2203 1268 2243 nepos.

224 2257 376 2299 Iustus
398 2257 615 2299 Aristides
637 2257 733 2307 fuit,
759 2265 801 2300 et
826 2257 920 2299 sine
943 2257 1042 2300 labe
1066 2257 1274 2306 Pericles,

281 2327 379 2368 Hos
400 2333 552 2368 tamen
575 2328 755 2369 orbatos
778 2327 1040 2381 posteritate
1061 2327 1196 2369 vides.

222 2395 349 2438 Illius
371 2397 573 2451 exemplo
594 2403 808 2439 venturae
831 2396 964 2438 sortis
987 2411 1191 2450 aruspex,

280 2466 417 2508 Utere
439 2466 678 2520 praesenti,
703 2466 852 2521 linque
875 2467 1023 2508 futura
1052 2467 1160 2508 Deo.

1786 324 1864 378 163

1781 949 1861 988 130

1777 1644 1857 1683 140

1771 2337 1851 2378 150

165 2613 235 2644 126.
261 2613 386 2654 Iridis]
430 2614 580 2646 Delitiae
597 2615 665 2647 and
683 2614 898 2656 Middelburg
914 2614 1043 2647 edition
1060 2614 1143 2646 both
1163 2613 1243 2646 read
1267 2618 1286 2631 ‘⁴
1300 2613 1433 2650 IsidiS‚'y
1450 2622 1470 2644 a
1486 2612 1637 2652 blunder,
1658 2612 1788 2654 mixing
1804 2622 1848 2654 up

53 2665 217 2708 Egyptian
235 2668 302 2700 and
319 2669 430 2701 Greek
448 2670 660 2711 mythology.
710 2670 784 2701 The
808 2670 954 2702 allusion
973 2670 1000 2701 is
1017 2676 1052 2702 to
1068 2670 1126 2701 the
1143 2668 1368 2700 intervention
1386 2668 1426 2700 of
1446 2667 1518 2707 Iris,
1540 2667 1678 2709 staying
1694 2667 1751 2698 the
1768 2677 1847 2708 rage

52 2719 90 2751 of
99 2720 200 2754 Zetes
216 2722 283 2754 and
300 2723 415 2755 Calais
431 2724 559 2765 (Apoll.
584 2725 648 2756 Rh.
667 2725 763 2766 Arg„
783 2725 828 2756 ΙΙ,
849 2725 936 2762 288).

165 2786 234 2817 143.
260 2777 380 2810 Sibilat
403 2778 494 2811 hunc
518 2779 691 2820 populus.]
757 2779 876 2811 Clever
909 2779 1109 2820 adaptation
1144 2779 1184 2809 of
1218 2777 1385 2809 Horace's
1411 2777 1491 2818 joke
1522 2787 1560 2808 as
1590 2783 1625 2808 to
1649 2776 1708 2808 the
1731 2776 1842 2815 miser,

53 2827 161 2861 satire
186 2831 211 2863 Ι.
241 2833 336 2871 Ι·66;
360 2832 427 2864 and
451 2832 592 2865 observe
616 2834 673 2865 the
698 2844 766 2875 pun
792 2833 824 2864 in
851 2833 996 2875 “populi
1015 2832 1199 2875 populatur
1222 2833 1344 2873 opes''.
