2594 3749
627 343 709 396 296

1408 352 1647 384 PARERGA.

799 469 944 511 Casus
967 468 1093 510 abest
1118 475 1249 518 certe,
1274 469 1342 510 vel
1370 469 1405 510 si
1433 468 1502 511 cui
1526 484 1660 512 caeca
1683 468 1855 511 videtur

855 538 961 579 Sors
984 552 1072 587 rea,
1098 552 1231 592 quam
1256 539 1456 588 damnat,
1481 537 1653 580 caecior
1675 538 1769 593 ipse
1794 539 1891 580 Dea
1912 545 1995 580 est.

798 607 942 648 Saxea
964 606 1099 648 turris
1122 613 1233 657 erat,
1259 621 1486 649 murorum
1511 621 1645 649 saxea
1668 607 1821 657 moles,

855 676 947 718 Sub
970 676 1080 729 pede
1103 674 1256 718 iuncta
1278 675 1374 718 rudi
1397 675 1556 730 frigida
1579 690 1686 718 saxa
1709 690 1862 717 manu.

797 744 967 785 Saxeus
990 743 1061 785 hic
1085 743 1206 785 tenui
1231 751 1487 786 constratus
1509 745 1664 787 robore
1687 743 1831 786 fornix

856 812 1031 855 Dicitur
1053 812 1238 867 ilignum
1263 813 1529 855 sustinuisse
1551 820 1714 855 torum.

798 882 989 924 Cernere
1012 888 1105 923 erat
1129 881 1273 935 gelido
1296 882 1488 936 positam
1514 883 1595 924 sub
1617 881 1784 923 fornice
1807 881 1980 930 cellam,

855 951 1097 1004 Antraque,
1123 950 1273 992 nescio
1296 965 1396 1004 quo,
1421 950 1570 1005 pervia
1592 950 1712 992 facta
1734 949 1848 992 dolo.

798 1019 871 1060 Nil
896 1019 965 1061 hic
989 1019 1190 1062 invenias
1212 1027 1363 1062 tantos
1386 1021 1501 1074 quod
1525 1020 1710 1062 suscitet
1734 1019 1874 1074 ignes,

856 1088 1014 1130 Omnis
1037 1095 1079 1130 et
1103 1089 1173 1130 hic
1197 1096 1300 1143 apto
1322 1089 1477 1130 fomite
1504 1089 1687 1130 flamma
1714 1094 1848 1130 caret.

799 1158 857 1198 Et
881 1164 1032 1199 tamen
1056 1157 1158 1199 hinc
1182 1164 1303 1199 ortas
1326 1163 1560 1198 senserunt
1585 1156 1729 1199 sidera
1751 1157 1973 1206 flammas,

856 1227 949 1267 Nec
974 1226 1307 1267 Phaethonteas
1330 1226 1429 1280 plus
1453 1232 1650 1267 metuere
1673 1233 1808 1267 rotas,

798 1295 896 1336 Nox
920 1301 1028 1344 erat,
1053 1301 1095 1335 et
1119 1294 1311 1335 coniunx
1334 1295 1539 1336 tradebat
1563 1293 1732 1336 lumina
1755 1309 1926 1344 somno,

854 1362 1048 1404 Lumina
1072 1370 1171 1416 post
1195 1377 1320 1404 roseo
1343 1377 1431 1404 non
1454 1363 1646 1405 fruitura
1669 1363 1751 1405 die.

798 1433 915 1474 Ecce
937 1432 1058 1473 faces
1080 1432 1244 1474 circum
1269 1432 1471 1482 volitant,
1496 1432 1661 1474 circum
1686 1431 1838 1474 omnia
1859 1431 2023 1481 fumus,

855 1500 1019 1542 Omnia
1041 1501 1127 1555 pix,
1152 1501 1352 1555 sulphur,
1377 1501 1562 1556 naptha,
1586 1500 1803 1550 bitumen,
1828 1507 1968 1542 erant.

794 1569 934 1612 Tecta
957 1576 1155 1624 crepant,
1179 1577 1395 1624 ustaeque
1417 1571 1580 1620 trabes,
1606 1570 1934 1624 liquefactaque
1956 1583 2077 1618 saxa,

855 1638 1040 1693 Ignibus
1063 1638 1185 1680 elisis
1208 1638 1270 1680 sic
1293 1645 1420 1680 tonat
1445 1639 1547 1680 aula
1571 1638 1703 1680 Iovis.

795 1706 946 1749 Auditi
970 1707 1179 1762 gemitus,
1204 1714 1247 1749 et
1269 1707 1558 1749 lamentabile
1581 1721 1796 1757 murmur,

854 1777 913 1817 Et
938 1782 1122 1830 questus
1144 1775 1295 1831 populi
1319 1775 1407 1818 iam
1432 1776 1657 1830 pereuntis
1680 1782 1821 1818 erant.

797 1844 961 1886 Omnia
984 1840 1212 1886 momento
1236 1844 1464 1886 succendit
1491 1844 1709 1886 Mulciber
1730 1859 1832 1893 uno,

852 1912 1082 1967 Tectaque
1105 1920 1333 1955 momento
1357 1912 1545 1967 perdidit
1568 1913 1677 1955 hora
1700 1912 1859 1954 brevis.

796 1982 955 2024 Cetera
980 1982 1038 2022 Di
1061 1988 1238 2031 norunt,
1264 1988 1305 2023 et
1329 1996 1430 2031 nox,
1454 1988 1496 2023 et
1521 1981 1700 2023 conscia
1722 1980 1870 2030 turris,

854 2051 1074 2104 Saxaque,
1099 2065 1212 2104 quae
1235 2057 1412 2092 tantum
1436 2064 1554 2092 nunc
1578 2064 1810 2104 superesse
1832 2049 1968 2091 vides.

796 2119 918 2162 Scire
942 2120 1058 2173 quod
1081 2119 1166 2161 heu
1191 2119 1371 2170 nollem,
1396 2133 1514 2161 mors
1538 2119 1682 2161 solum
1707 2124 1828 2160 certa
1851 2117 1998 2160 mariti
2022 2123 2104 2167 est,

854 2189 913 2230 Et
937 2188 1167 2238 comitum,
1193 2188 1354 2242 quibus
1377 2188 1487 2230 haec
1511 2202 1596 2229 nox
1620 2187 1714 2229 sine
1736 2188 1823 2229 fine
1846 2187 1941 2228 fuit.

796 2257 947 2299 Coena
970 2256 1240 2311 sepulcrales
1263 2257 1432 2311 epulas,
1456 2255 1734 2309 thalamique
1757 2255 1976 2310 sepulcra,

853 2325 1079 2380 Sulphura
1102 2339 1386 2367 communem
1409 2325 1509 2367 viva
1532 2326 1690 2366 dedere
1713 2338 1882 2379 pyram.

798 2394 1004 2436 Flamma
1027 2393 1100 2436 ubi
1124 2393 1270 2448 sopita
1293 2400 1374 2443 est,
1400 2400 1525 2436 ustos
1551 2392 1721 2447 excepit
1745 2392 1904 2448 equile,

851 2464 1041 2506 Thracis
1064 2463 1296 2506 inhumani
1321 2464 1450 2518 quale
1471 2463 1608 2505 fuisse
1630 2463 1791 2504 ferunt.

798 2534 902 2574 Mox
923 2539 1042 2575 tosto
1065 2532 1247 2575 iuvenes
1269 2539 1510 2574 onerarunt
1533 2546 1714 2587 corpore
1738 2545 1932 2580 mensaS,

853 2603 1049 2656 Vespere
1071 2601 1298 2650 convivae,
1324 2601 1420 2643 luce
1444 2607 1658 2655 sequente
1680 2601 1832 2654 dapes.

798 2671 917 2712 Nota
940 2670 1108 2724 loquor,
1132 2684 1213 2711 nec
1235 2669 1332 2711 visa
1354 2669 1490 2724 prius,
1515 2682 1716 2723 quaeque
1739 2667 1908 2710 horruit
1933 2673 2054 2708 astro

2372 1101 2426 1141 30

2370 1787 2424 1827 40

2369 2472 2422 2513 50

738 2873 789 2903 47.
815 2863 1042 2904 Thalamique
1059 2862 1241 2903 sepulcra]
1288 2861 1343 2903 Cf.
1364 2861 1480 2893 Ovid's
1505 2862 1577 2892 “In
1602 2860 1774 2892 thalamos
1797 2859 1888 2895 laeti,
1906 2858 2087 2895 thalamos,
2105 2867 2167 2888 sua
2190 2856 2289 2888 busta
2312 2856 2421 2887 ferun-

623 2919 712 2957 tur,''
729 2917 869 2955 Ηενυίιί,
890 2926 994 2957 1432.

737 2981 788 3010 50.
814 2971 986 3010 Thracis.]
1031 2970 1104 3002 'I'he
1122 2979 1247 3011 savage
1267 2969 1412 3002 Diomed
1429 2969 1468 3001 os
1485 2968 1629 3007 Thrace,
1645 2967 1727 2999 with
1746 2967 1798 2999 his
1815 2965 2099 3007 man-munching
2114 2964 2242 2997 horses.
