2594 3749
633 344 685 385 44
1417 344 1657 377 PARERGA.

865 458 1101 501 Intuleris:
1135 473 1244 515 gens
1266 460 1376 502 haec
1398 467 1580 515 pectora
1602 462 1738 504 cruda
1759 460 1887 517 gerit.
2357 462 2441 515 360

806 527 976 581 Culpae
999 527 1069 569 hie
1094 542 1236 582 poena
1259 543 1434 571 comes:
1469 536 1660 580 nostras,
1685 544 1756 581 en,
1781 530 1930 586 aspice
1953 531 2175 586 lymphas,

866 595 912 638 Si
937 603 1087 651 potes:
1122 596 1193 639 hic
1216 605 1367 640 sontes
1390 598 1586 653 piscibus
1609 613 1710 642 esca
1733 606 1908 642 natant.

810 665 903 706 Nec
926 665 1077 719 procul
1102 665 1240 708 aereis
1263 681 1369 709 crux
1391 674 1458 709 est
1482 667 1670 710 subnixa
1693 668 1928 718 columnis,

866 733 1019 777 Turba
1041 749 1206 777 nocens
1229 735 1318 778 illic
1340 737 1422 778 sub
1446 737 1551 778 Iove
1574 736 1716 792 pascit
1744 751 1863 779 aves.

810 802 895 844 Hie
919 817 1090 857 quoque
1114 804 1210 846 luce
1233 819 1388 846 carens
1413 805 1550 860 Virgo
1573 813 1652 854 est,
1675 821 1789 861 quae
1812 806 1907 848 iura
1929 813 2094 855 tuetur,

867 873 1079 914 Astraeae
1103 874 1325 927 quondam
1351 888 1440 915 non
1462 876 1723 917 temeranda
1745 889 1908 917 comes.

812 941 862 981 In
886 942 1092 996 scopulos
1114 942 1217 983 olim
1244 943 1440 997 Gorgon,
1465 943 1574 986 haec
1597 958 1782 999 corpora
1806 951 1951 986 mutat

869 1011 920 1050 In
942 1016 1125 1052 truncos
1148 1010 1241 1053 acie
1263 1011 1403 1053 ferrea
1425 1011 1548 1066 virgo
1570 1027 1665 1054 sua.

808 1078 981 1133 Quique
1004 1087 1160 1121 vorant
1185 1086 1322 1129 artua
1349 1081 1682 1136 Laestrygonas
1705 1081 1853 1136 aspice
1876 1083 2050 1131 crudos,

868 1148 927 1188 Et
951 1147 1313 1203 Laestrygonios‚
1338 1163 1426 1191 non
1449 1150 1600 1204 procul
1628 1151 1749 1201 urbe,
1774 1150 1912 1193 lacus.
2357 1160 2442 1202 370

811 1217 1060 1270 Sed-neque
1083 1217 1287 1272 supplicii
1311 1218 1515 1272 quamvis
1538 1226 1685 1261 metus
1707 1220 1852 1262 omnis
1875 1221 2066 1270 abesset,

868 1286 936 1327 Ex
958 1285 1044 1327 isto
1067 1286 1250 1328 medicis
1272 1289 1437 1342 praeda
1460 1290 1651 1343 petenda
1673 1303 1806 1344 grege
1828 1296 1910 1331 est.

811 1355 935 1396 Dura
958 1354 1090 1396 nimis
1112 1369 1222 1410 gens
1244 1356 1368 1406 haec,
1393 1371 1473 1399 nec
1496 1364 1599 1400 sunt
1623 1358 1813 1400 obnoxia
1835 1358 2001 1401 morbis

866 1424 1088 1478 Corpora;
1123 1439 1235 1478 quae
1257 1433 1408 1479 gestas
1431 1426 1687 1480 pharmaca,
1712 1427 1862 1469 nullus
1884 1435 2016 1470 emet.

810 1492 855 1534 Si
879 1507 1009 1546 quem
1031 1493 1165 1535 febris
1187 1494 1336 1545 habet,
1361 1510 1493 1538 succo
1516 1511 1562 1538 se
1585 1503 1711 1538 curat
1734 1511 1926 1547 avenae;

869 1561 949 1604 Ille
972 1562 1247 1605 salutiferam
1271 1566 1453 1618 praebet
1477 1564 1704 1620 inemptus
1726 1580 1872 1621 opem.

810 1631 930 1684 Ergo
952 1631 1056 1673 alibi
1080 1633 1332 1686 quaerenda
1355 1647 1508 1688 seges:
1542 1649 1652 1689 gens
1675 1634 1876 1690 proxima
1898 1634 2026 1678 nobis

868 1699 1084 1742 Intercisa
1105 1700 1231 1751 freto,
1256 1701 1367 1744 falce
1391 1704 1591 1758 putanda
1617 1710 1695 1746 tua
1721 1711 1805 1746 est.

810 1768 994 1811 Finibus
1018 1769 1093 1812 illa
1116 1769 1295 1825 quidem
1319 1771 1524 1827 angustis
1550 1779 1775 1823 arctatur;
1809 1779 1855 1816 at
1882 1773 2039 1828 ingens

867 1837 946 1880 Vis
969 1838 1119 1893 populi
1142 1838 1346 1895 ingentes
1371 1842 1517 1884 Marte
1539 1848 1691 1884 tuetur
1711 1857 1832 1897 opes.
2357 1842 2440 1894 380

810 1908 1142 1963 Exundansque
1164 1909 1280 1952 locat
1305 1910 1462 1952 mediis
1483 1910 1528 1952 in
1550 1911 1761 1954 fluctibus
1784 1912 1928 1961 urbes,

867 1975 1026 2018 Incolit
1049 1984 1092 2019 et
1115 1984 1234 2020 terra
1256 1978 1489 2022 deficiente
1512 1986 1645 2022 rates.
1743 1986 1745 1989 ’

807 2046 1010 2099 Aequora
1033 2053 1137 2089 sunt
1160 2048 1307 2103 campi
1327 2064 1336 2090 :
1371 2063 1449 2105 pro
1472 2048 1644 2104 campis
1667 2063 1859 2103 aequora
1883 2049 2025 2091 sulcat
2045 2064 2053 2097 ;

868 2113 955 2156 Hic
977 2114 1108 2166 serit-;
1143 2116 1228 2167 hic,
1254 2116 1462 2172 quicquid
1485 2124 1603 2160 terra
1626 2119 1700 2160 dat
1725 2118 1829 2167 ulla,
1855 2117 1997 2159 metit.

748 2246 822 2285 363.
849 2245 966 2286 Crux.]
1010 2245 1085 2278 The
1101 2246 1342 2288 gallows-tree.
1431 2282 1433 2285 ,

748 2301 822 2340 365.
849 2301 942 2332 Luce
957 2310 1077 2333 carens
1093 2301 1215 2344 virgo.]
1253 2303 1328 2335 The
1346 2303 1505 2336 Goddess
1523 2303 1720 2345 ofJustice:
1746 2303 1942 2345 suggestive
1955 2303 1994 2334 os
2005 2302 2063 2335 the
2082 2302 2287 2334 Parliament
2306 2302 2437 2334 House.

749 2364 822 2395 370.
850 2355 1118 2398 Laestrygonios
1136 2356 1260 2398 lacus]
1306 2359 1339 2389 Is
1356 2358 1424 2390 this
1442 2358 1685 2401 Duddingston
1710 2359 1816 2399 Loch,
1837 2359 1905 2391 and
1929 2359 1987 2390 the
2011 2357 2119 2389 Giaut
2142 2356 2341 2399 Sampson’s
2359 2355 2441 2388 Ribs

635 2409 813 2450 adjoining
827 2409 839 2441 ?

749 2474 822 2505 375.
849 2464 884 2497 Si
901 2475 1002 2507 quem
1019 2466 1148 2507 febris]
1187 2467 1226 2499 In
1244 2468 1399 2510 warning
1410 2468 1460 2500 off
1469 2468 1527 2501 the
1540 2469 1650 2510 quack
1664 2468 1750 2500 from
1764 2478 1784 2500 a
1796 2474 1889 2500 stout
1903 2467 1970 2499 and
1986 2473 2106 2509 strong
2118 2465 2331 2506 community
2345 2465 2441 2504 (dura

635 2518 736 2549 nimis
752 2530 835 2560 gens
853 2520 948 2560 haec,
968 2523 1062 2562 etc.)‚
1081 2521 1106 2552 it
1124 2521 1151 2553 is
1176 2522 1286 2554 added
1310 2523 1355 2564 by
1371 2533 1446 2565 way
1463 2523 1502 2556 of
1521 2523 1725 2565 hyperbole:
1751 2527 1770 2540 ‘⁴
1785 2523 1819 2554 If
1837 2532 1905 2563 any
1921 2532 1987 2554 one
2003 2521 2142 2554 catches
2165 2521 2267 2558 sever,
2286 2519 2328 2552 he
2344 2529 2441 2551 cures

634 2573 774 2605 himself
785 2574 866 2605 with
883 2575 1042 2617 thejuicc
1059 2577 1099 2608 os
1111 2578 1259 2609 oatmeal
1270 2579 1301 2609 ''.
1350 2578 1508 2620 (Quaere,
1525 2579 1617 2610 Does
1633 2578 1803 2619 Johnston
1815 2588 1914 2609 mean
1929 2577 1987 2609 the
2004 2581 2023 2594 ‘⁴
2037 2575 2160 2617 Barley
2178 2576 2264 2607 Bree
2276 2577 2293 2588 “’
2307 2575 2334 2616 ἓ)
2383 2574 2440 2606 No

635 2627 723 2669 hope
736 2628 902 2661 therefore
919 2630 967 2661 sor
984 2630 1042 2662 the
1058 2630 1295 2670 sever-doctor,
1313 2632 1342 2663 if
1359 2633 1416 2664 the
1432 2633 1658 2665 constitution
1678 2632 1718 2663 of
1734 2632 1791 2664 the
1808 2631 1876 2664 folk
1893 2631 2012 2664 stands
2029 2630 2112 2663 such
2130 2636 2248 2671 strong
2263 2628 2440 2661 remedies.

750 2684 823 2723 376.
850 2683 940 2724 Ille.]
985 2683 1050 2724 i.e.,
1071 2695 1205 2717 succus.

749 2747 823 2778 377.
849 2737 943 2769 Gens
971 2739 1124 2779 proxima
1151 2740 1278 2782 nobis]
1335 2741 1498 2779 Holland‚
1527 2751 1565 2774 as
1597 2742 1655 2773 the
1688 2740 1916 2782 watcrloggcd
1941 2745 2098 2780 country,
2127 2748 2237 2770 seems
2263 2736 2436 2769 intended.

636 2789 858 2822 Calderwood
874 2791 1028 2833 (History
1046 2793 1087 2835 of
1104 2793 1157 2824 the
1173 2794 1273 2832 Kirk,
1291 2805 1321 2836 7,
1348 2796 1426 2835 634)
1450 2795 1623 2828 mentions
1648 2796 1754 2835 (anno
1781 2795 1876 2836 1625)
1900 2795 1974 2826 that
1999 2794 2174 2835 Eglishem
2199 2792 2298 2824 “fied
2321 2797 2382 2823 out
2405 2791 2445 2823 os

638 2844 795 2886 England
812 2852 847 2878 to
863 2847 962 2879 West
980 2847 1143 2880 Flanders
1157 2849 1185 2880 ”.

749 2901 822 2940 383.
847 2901 1006 2942 Aequora
1032 2909 1111 2934 sunt
1138 2903 1279 2945 campi.]
1325 2905 1462 2937 Samuel
1493 2905 1639 2937 Butler's
1667 2904 1838 2937 ludicrous
1864 2904 1950 2935 lines
1973 2914 2017 2935 on
2046 2902 2198 2934 Holland
2222 2912 2277 2933 are
2301 2901 2381 2933 here
2405 2900 2438 2931 in

636 2954 749 2994 point:
776 2956 835 2986 “A
853 2963 997 2997 country
1013 2957 1166 2999 drawing
1183 2958 1256 2999 fifty
1273 2959 1344 2991 soot
1361 2960 1400 2991 os
1411 2960 1553 3000 water,''
1570 2965 1635 2991 etc.
