2594 3749
12 1035 19 1311 ..υ-,ψ
13 953 18 994 ,-,
10 902 17 921 -.
10 734 16 738 ,
10 698 11 701 „
10 662 11 666 „

611 358 834 390 APOLOGY
869 357 964 389 FOR
995 357 1132 389 THAU
1140 356 1350 389 MANTIA.

330 478 388 518 Et
412 481 689 518 maturuerat
714 474 803 516 iam
826 488 960 529 grave
982 472 1152 514 ventris
1174 487 1313 515 onus:

272 545 346 586 Nil
369 559 449 599 ego
472 559 561 586 non
584 544 752 586 laetum
776 542 1010 597 sperabam
1029 558 1038 583 ε
1070 541 1224 583 florida
1247 541 1416 596 prolem

329 615 497 669 Sponte
519 613 754 656 videbatur
775 611 1033 666 depositura
1055 624 1243 665 parens:

272 683 346 726 Sic
370 690 502 738 caput
527 689 745 726 autumno
767 681 962 724 demittit
988 680 1186 722 Palladis
1210 681 1354 730 arbos,

330 754 558 807 Pomaque
579 759 677 794 tum
700 751 823 793 nullo
845 749 1100 792 decutiente
1123 750 1315 792 cadunt:

273 823 360 864 Sed
383 821 492 863 mihi
515 835 631 863 vana
653 819 735 862 fuit
760 833 862 874 spes
884 818 1045 868 omnis,
1069 825 1112 860 et
1135 818 1260 860 irrita
1282 825 1413 868 vota3

329 892 446 933 Vota
468 889 702 945 procellosi
726 903 940 943 spemque
962 888 1104 929 tulere
1128 887 1251 929 Noti.

273 959 464 1002 Nixibus
487 959 531 1000 in
555 958 714 1001 mediis
736 963 880 1000 mater
901 956 1076 1007 defecit,
1101 963 1143 998 et
1168 956 1328 1005 infans,

331 1030 389 1070 Et
412 1028 542 1070 timui
565 1042 620 1069 ne
643 1041 762 1068 mors
784 1026 959 1068 tolleret
983 1040 1072 1067 una
1094 1027 1220 1075 duos,

272 1099 380 1139 Arte
405 1095 675 1139 Machaonia
698 1096 837 1137 letum
862 1096 1056 1137 conabar
1078 1101 1120 1136 et
1144 1094 1293 1136 herbis

334 1166 517 1216 Pellere‚
543 1180 654 1220 quas
677 1164 875 1207 medicae
898 1164 1101 1218 praebuit
1124 1170 1280 1206 auctor
1303 1163 1414 1218 opis.

275 1237 362 1279 Sed
385 1236 496 1277 nihil
519 1242 626 1283 arte,
649 1234 758 1276 nihil
782 1234 891 1276 iuvit
915 1234 1139 1277 radicibus
1161 1233 1253 1275 uti:

332 1308 567 1362 Augebant
591 1305 740 1361 potius
762 1304 967 1359 gramina
991 1311 1146 1346 nostra
1164 1303 1344 1345 malum.

275 1377 380 1419 Sola
403 1376 514 1417 meis
538 1375 730 1430 porrexit
754 1388 882 1428 opem
907 1372 1216 1415 Thaumantia
1240 1373 1396 1422 rebus;

335 1446 442 1488 Sola
464 1444 687 1487 laboranti
711 1443 923 1486 Numinis
946 1443 1088 1485 instar
1111 1449 1220 1485 erat.

276 1517 404 1557 Haec
427 1514 536 1556 mihi
560 1529 662 1557 cum
685 1513 803 1556 dulci
827 1512 1019 1555 servavit
1044 1512 1230 1567 coniuge
1255 1518 1424 1561 natam,

333 1584 560 1626 Primitias
583 1583 772 1625 thalami
795 1582 1067 1636 deliciasque
1094 1581 1195 1623 mei.

276 1654 349 1695 Me
373 1668 548 1708 quoque
571 1651 779 1695 subduxit
803 1652 905 1701 leto,
931 1650 1005 1705 qui
1027 1651 1178 1693 funere
1203 1650 1338 1705 prolis

334 1723 537 1764 Moestus
559 1728 602 1763 et
626 1721 774 1763 uxoris
797 1719 1141 1762 eommoriturus
1164 1734 1301 1761 eram.

277 1791 484 1834 Forsitan
507 1790 723 1833 auxilium
746 1790 922 1832 vetulae
946 1789 1151 1831 sensistis
1174 1795 1216 1830 et
1240 1789 1338 1843 ipsi,

332 1861 531 1916 Quorum
555 1859 719 1902 iudicio
742 1873 860 1901 nunc
884 1872 957 1900 rea
981 1858 1119 1899 fertur
1144 1872 1272 1899 anus.

277 1929 426 1971 Huius
449 1943 577 1984 opem
602 1935 780 1970 tenerae
803 1928 963 1970 saltem
988 1941 1165 1968 sensere
1188 1926 1376 1981 puellae,

332 2000 425 2040 Vos
448 1998 609 2053 quibus
632 1996 869 2040 obstrinxit
893 2002 1034 2051 nupta
1057 2011 1268 2050 sororque
1293 1995 1426 2038 Iovis.

276 2069 418 2122 Saepe
440 2068 697 2110 laborantes
719 2066 828 2108 iuvit
851 2065 1184 2115 Thaumantia3
1218 2071 1371 2107 notam

335 2136 556 2179 Omnibus
579 2136 698 2178 illius
721 2135 923 2190 suspicor
948 2149 1045 2176 esse
1073 2148 1272 2176 manum.

278 2205 470 2261 Pignora
494 2205 593 2260 quis
615 2211 833 2255 numeret,
858 2204 925 2246 vel
950 2218 1062 2258 quos
1084 2203 1204 2245 dedit
1228 2203 1302 2245 ille
1325 2203 1542 2258 nepotes?

336 2275 593 2330 Promptius
617 2274 821 2330 expediat
844 2280 950 2328 quot
974 2273 1089 2328 parit
1115 2273 1266 2328 Hybla
1287 2273 1427 2315 favos.

276 2344 393 2387 Tota
417 2360 521 2387 suos
543 2345 606 2386 illi
629 2346 758 2387 debet
784 2343 1056 2398 Respublica
1082 2342 1215 2393 cives,

338 2414 494 2456 Munia
516 2413 590 2468 qui
615 2413 752 2469 pacis,
777 2413 850 2468 qui
874 2413 965 2455 fera
988 2412 1104 2455 bella
1125 2418 1301 2467 gerunt.

280 2485 412 2526 Hanc
435 2490 608 2538 poterat
633 2484 831 2525 nondum
855 2482 1100 2537 spirantem
1125 2482 1305 2535 perdere
1326 2487 1522 2535 gentem,

336 2554 394 2594 Et
418 2553 536 2594 vitae
559 2552 710 2606 digitis
733 2565 937 2606 rumpere
960 2551 1035 2593 fila
1057 2550 1164 2592 suis.

279 2621 489 2676 Expilare
510 2621 637 2676 genis
659 2621 826 2670 oculos,
851 2627 894 2662 et
917 2620 1118 2674 frangere
1141 2633 1284 2668 crura,

336 2691 396 2731 Et
420 2696 594 2744 poterat
617 2689 721 2731 talis
743 2688 984 2731 dissociare
1010 2689 1159 2742 pedes.

279 2758 404 2800 Mille
427 2758 577 2800 iuvare
600 2758 744 2800 modis
767 2757 925 2812 potuit,
950 2756 1227 2810 totidemque
1250 2769 1422 2804 nocere,

338 2827 524 2869 Doctior
545 2827 589 2868 in
612 2833 707 2869 toto
730 2841 811 2868 nec
832 2826 914 2868 fuit
938 2826 1042 2868 orbe
1066 2840 1240 2867 manus.

280 2897 381 2938 Non
404 2903 498 2938 erat
520 2896 605 2938 hac
629 2897 778 2950 Salpe,
802 2910 890 2936 non
914 2895 1010 2949 ipsa
1034 2894 1215 2948 peritior
1236 2893 1341 2935 olim

419 2986 488 3016 117.
516 2975 645 3016 Salpe.]
690 2975 719 3006 A
736 2975 869 3006 famous
887 2973 1069 3010 Obstetrix,
1088 2984 1144 3005 see
1163 2973 1271 3013 Pliny,
1290 2973 1333 3003 N.
1354 2973 1415 3008 H.‚
1432 2980 1593 3012 32·47·51.

1823 363 1902 404 133

1851 1041 1905 1082 90

1828 1731 1908 1760 100

1829 2422 1909 2450 110
