<?xml version="1.0" encoding="UTF-8"?>
<!DOCTYPE html PUBLIC "-//W3C//DTD XHTML 1.0 Transitional//EN"
    "http://www.w3.org/TR/xhtml1/DTD/xhtml1-transitional.dtd">
<html xmlns="http://www.w3.org/1999/xhtml" xml:lang="en" lang="en">
 <head>
  <title>
</title>
<meta http-equiv="Content-Type" content="text/html;charset=utf-8" />
  <meta name='ocr-system' content='tesseract 3.04.00' />
  <meta name='ocr-capabilities' content='ocr_page ocr_carea ocr_par ocr_line ocrx_word'/>
</head>
<body>
  <div class='ocr_page' id='page_1' title='image "./musalatinaaberdo01gedduoft_0074.png"; bbox 0 0 2594 3749; ppageno 0'>
   <div class='ocr_carea' id='block_1_1' title="bbox 697 361 750 402">
    <p class='ocr_par' dir='ltr' id='par_1_1' title="bbox 697 361 750 402">
     <span class='ocr_line' id='line_1_1' title="bbox 697 361 750 402; baseline 0 -11"><span class='ocrx_word' id='word_1_1' title='bbox 697 361 750 402; x_wconf 80' lang='lat'>40</span> 
     </span>
    </p>
   </div>
   <div class='ocr_carea' id='block_1_2' title="bbox 1476 359 1714 392">
    <p class='ocr_par' dir='ltr' id='par_1_2' title="bbox 1476 359 1714 392">
     <span class='ocr_line' id='line_1_2' title="bbox 1476 359 1714 392; baseline 0.004 -1"><span class='ocrx_word' id='word_1_2' title='bbox 1476 359 1714 392; x_wconf 70' lang='lat' dir='ltr'><strong>PARERGA.</strong></span> 
     </span>
    </p>
   </div>
   <div class='ocr_carea' id='block_1_3' title="bbox 866 476 2032 1562">
    <p class='ocr_par' dir='ltr' id='par_1_3' title="bbox 866 476 2032 1562">
     <span class='ocr_line' id='line_1_3' title="bbox 873 476 1960 532; baseline 0 -14"><span class='ocrx_word' id='word_1_3' title='bbox 873 477 1023 530; x_wconf 88' lang='lat' dir='ltr'>thue</span> <span class='ocrx_word' id='word_1_4' title='bbox 1047 491 1220 518; x_wconf 91' lang='lat' dir='ltr'>sacrum</span> <span class='ocrx_word' id='word_1_5' title='bbox 1246 476 1378 519; x_wconf 91' lang='lat' dir='ltr'>dictis</span> <span class='ocrx_word' id='word_1_6' title='bbox 1400 477 1582 520; x_wconf 86' lang='lat' dir='ltr'>accedat</span> <span class='ocrx_word' id='word_1_7' title='bbox 1606 478 1794 532; x_wconf 92' lang='lat' dir='ltr'>pondus,</span> <span class='ocrx_word' id='word_1_8' title='bbox 1819 476 1863 518; x_wconf 92' lang='lat' dir='ltr'>in</span> <span class='ocrx_word' id='word_1_9' title='bbox 1887 491 1960 519; x_wconf 89' lang='lat' dir='ltr'>ore</span> 
     </span>
     <span class='ocr_line' id='line_1_4' title="bbox 927 545 1906 600; baseline 0.001 -14"><span class='ocrx_word' id='word_1_10' title='bbox 927 546 1069 599; x_wconf 88' lang='lat' dir='ltr'>Saepe</span> <span class='ocrx_word' id='word_1_11' title='bbox 1092 545 1148 586; x_wconf 91' lang='lat' dir='ltr'>sit</span> <span class='ocrx_word' id='word_1_12' title='bbox 1172 552 1214 586; x_wconf 90' lang='lat' dir='ltr'>et</span> <span class='ocrx_word' id='word_1_13' title='bbox 1238 546 1359 588; x_wconf 90' lang='lat' dir='ltr'>Cous</span> <span class='ocrx_word' id='word_1_14' title='bbox 1384 546 1740 600; x_wconf 85' lang='lat' dir='ltr'>Pergameusque</span> <span class='ocrx_word' id='word_1_15' title='bbox 1763 559 1906 587; x_wconf 80' lang='lat' dir='ltr'><strong>senex.</strong></span> 
     </span>
     <span class='ocr_line' id='line_1_5' title="bbox 869 613 2032 670; baseline 0 -14"><span class='ocrx_word' id='word_1_16' title='bbox 869 615 1029 656; x_wconf 86' lang='lat' dir='ltr'>Cetera</span> <span class='ocrx_word' id='word_1_17' title='bbox 1052 613 1292 669; x_wconf 84' lang='lat' dir='ltr'>supplebis,</span> <span class='ocrx_word' id='word_1_18' title='bbox 1317 622 1504 657; x_wconf 90' lang='lat' dir='ltr'>cornuta</span> <span class='ocrx_word' id='word_1_19' title='bbox 1527 615 1806 670; x_wconf 82' lang='lat' dir='ltr'>sophismata</span> <span class='ocrx_word' id='word_1_20' title='bbox 1826 614 2032 663; x_wconf 81' lang='lat' dir='ltr'>vibrans3</span> 
     </span>
     <span class='ocr_line' id='line_1_6' title="bbox 927 681 1849 737; baseline 0 -13"><span class='ocrx_word' id='word_1_21' title='bbox 927 681 1026 724; x_wconf 89' lang='lat' dir='ltr'><strong>Sint</strong></span> <span class='ocrx_word' id='word_1_22' title='bbox 1050 681 1151 724; x_wconf 91' lang='lat' dir='ltr'>licet</span> <span class='ocrx_word' id='word_1_23' title='bbox 1175 683 1284 725; x_wconf 90' lang='lat' dir='ltr'>haec</span> <span class='ocrx_word' id='word_1_24' title='bbox 1308 682 1467 725; x_wconf 86' lang='lat' dir='ltr'>Getica</span> <span class='ocrx_word' id='word_1_25' title='bbox 1490 682 1712 737; x_wconf 86' lang='lat' dir='ltr'>frigidiora</span> <span class='ocrx_word' id='word_1_26' title='bbox 1735 682 1849 725; x_wconf 90' lang='lat' dir='ltr'>nive.</span> 
     </span>
     <span class='ocr_line' id='line_1_7' title="bbox 871 749 1863 804; baseline 0.003 -14"><span class='ocrx_word' id='word_1_27' title='bbox 871 749 1170 804; x_wconf 90' lang='lat' dir='ltr'>Palantesque</span> <span class='ocrx_word' id='word_1_28' title='bbox 1194 750 1295 804; x_wconf 94' lang='lat' dir='ltr'>polo</span> <span class='ocrx_word' id='word_1_29' title='bbox 1318 750 1485 801; x_wconf 88' lang='lat' dir='ltr'>stellas,</span> <span class='ocrx_word' id='word_1_30' title='bbox 1509 757 1552 792; x_wconf 93' lang='lat' dir='ltr'>et</span> <span class='ocrx_word' id='word_1_31' title='bbox 1576 751 1662 793; x_wconf 88' lang='lat' dir='ltr'>fixa</span> <span class='ocrx_word' id='word_1_32' title='bbox 1685 765 1863 793; x_wconf 84' lang='lat' dir='ltr'><strong>recense</strong></span> 
     </span>
     <span class='ocr_line' id='line_1_8' title="bbox 927 818 1924 875; baseline 0.001 -16"><span class='ocrx_word' id='word_1_33' title='bbox 927 818 1095 868; x_wconf 86' lang='lat' dir='ltr'>Sidera,</span> <span class='ocrx_word' id='word_1_34' title='bbox 1120 833 1283 874; x_wconf 86' lang='lat' dir='ltr'><strong>perque</strong></span> <span class='ocrx_word' id='word_1_35' title='bbox 1306 834 1411 862; x_wconf 88' lang='lat' dir='ltr'>suas</span> <span class='ocrx_word' id='word_1_36' title='bbox 1434 819 1580 875; x_wconf 90' lang='lat' dir='ltr'>digere</span> <span class='ocrx_word' id='word_1_37' title='bbox 1604 820 1732 874; x_wconf 83' lang='lat' dir='ltr'>signa</span> <span class='ocrx_word' id='word_1_38' title='bbox 1755 821 1924 862; x_wconf 91' lang='lat' dir='ltr'>domos.</span> 
     </span>
     <span class='ocr_line' id='line_1_9' title="bbox 871 887 1917 942; baseline 0.001 -14"><span class='ocrx_word' id='word_1_39' title='bbox 871 888 964 929; x_wconf 90' lang='lat' dir='ltr'>Nec</span> <span class='ocrx_word' id='word_1_40' title='bbox 987 888 1150 941; x_wconf 91' lang='lat' dir='ltr'>pudeat</span> <span class='ocrx_word' id='word_1_41' title='bbox 1174 902 1309 929; x_wconf 90' lang='lat' dir='ltr'>cavea</span> <span class='ocrx_word' id='word_1_42' title='bbox 1332 887 1376 929; x_wconf 92' lang='lat' dir='ltr'>in</span> <span class='ocrx_word' id='word_1_43' title='bbox 1401 888 1546 930; x_wconf 91' lang='lat' dir='ltr'>media</span> <span class='ocrx_word' id='word_1_44' title='bbox 1569 895 1738 930; x_wconf 90' lang='lat' dir='ltr'>certare</span> <span class='ocrx_word' id='word_1_45' title='bbox 1762 888 1917 942; x_wconf 91' lang='lat' dir='ltr'>poetis,</span> 
     </span>
     <span class='ocr_line' id='line_1_10' title="bbox 927 956 1862 1011; baseline 0.001 -14"><span class='ocrx_word' id='word_1_46' title='bbox 927 956 985 997; x_wconf 86' lang='lat' dir='ltr'>Et</span> <span class='ocrx_word' id='word_1_47' title='bbox 1010 956 1181 997; x_wconf 90' lang='lat' dir='ltr'>vetulas</span> <span class='ocrx_word' id='word_1_48' title='bbox 1205 956 1319 998; x_wconf 91' lang='lat' dir='ltr'>inter</span> <span class='ocrx_word' id='word_1_49' title='bbox 1340 957 1505 1011; x_wconf 88' lang='lat' dir='ltr'>grande</span> <span class='ocrx_word' id='word_1_50' title='bbox 1528 971 1685 998; x_wconf 91' lang='lat' dir='ltr'>sonare</span> <span class='ocrx_word' id='word_1_51' title='bbox 1708 957 1862 998; x_wconf 90' lang='lat' dir='ltr'>melos.</span> 
     </span>
     <span class='ocr_line' id='line_1_11' title="bbox 868 1024 2011 1080; baseline 0.001 -15"><span class='ocrx_word' id='word_1_52' title='bbox 868 1024 1051 1066; x_wconf 86' lang='lat' dir='ltr'>Artibus</span> <span class='ocrx_word' id='word_1_53' title='bbox 1073 1024 1142 1066; x_wconf 93' lang='lat' dir='ltr'>his</span> <span class='ocrx_word' id='word_1_54' title='bbox 1165 1025 1318 1067; x_wconf 91' lang='lat' dir='ltr'>oculos</span> <span class='ocrx_word' id='word_1_55' title='bbox 1341 1025 1480 1068; x_wconf 89' lang='lat' dir='ltr'>stulto</span> <span class='ocrx_word' id='word_1_56' title='bbox 1503 1024 1788 1080; x_wconf 89' lang='lat' dir='ltr'>praestingue</span> <span class='ocrx_word' id='word_1_57' title='bbox 1811 1024 2011 1080; x_wconf 90' lang='lat' dir='ltr'>popello;</span> 
     </span>
     <span class='ocr_line' id='line_1_12' title="bbox 926 1093 1877 1149; baseline 0.001 -14"><span class='ocrx_word' id='word_1_58' title='bbox 926 1093 999 1135; x_wconf 92' lang='lat' dir='ltr'>Sic</span> <span class='ocrx_word' id='word_1_59' title='bbox 1023 1095 1149 1136; x_wconf 91' lang='lat' dir='ltr'>cadet</span> <span class='ocrx_word' id='word_1_60' title='bbox 1173 1093 1216 1135; x_wconf 90' lang='lat' dir='ltr'>in</span> <span class='ocrx_word' id='word_1_61' title='bbox 1240 1109 1390 1136; x_wconf 91' lang='lat' dir='ltr'>casses</span> <span class='ocrx_word' id='word_1_62' title='bbox 1413 1096 1576 1148; x_wconf 88' lang='lat' dir='ltr'>praeda</span> <span class='ocrx_word' id='word_1_63' title='bbox 1599 1094 1739 1149; x_wconf 89' lang='lat' dir='ltr'>petita</span> <span class='ocrx_word' id='word_1_64' title='bbox 1760 1101 1877 1136; x_wconf 90' lang='lat' dir='ltr'>tuos.</span> 
     </span>
     <span class='ocr_line' id='line_1_13' title="bbox 866 1161 2013 1217; baseline 0 -14"><span class='ocrx_word' id='word_1_65' title='bbox 866 1161 983 1203; x_wconf 88' lang='lat' dir='ltr'>Tum</span> <span class='ocrx_word' id='word_1_66' title='bbox 1007 1169 1135 1216; x_wconf 88' lang='lat' dir='ltr'>prout</span> <span class='ocrx_word' id='word_1_67' title='bbox 1159 1162 1407 1217; x_wconf 87' lang='lat' dir='ltr'>auspicium</span> <span class='ocrx_word' id='word_1_68' title='bbox 1432 1163 1576 1205; x_wconf 90' lang='lat' dir='ltr'>rabies</span> <span class='ocrx_word' id='word_1_69' title='bbox 1600 1163 1718 1205; x_wconf 88' lang='lat' dir='ltr'>mala</span> <span class='ocrx_word' id='word_1_70' title='bbox 1739 1162 1916 1211; x_wconf 88' lang='lat' dir='ltr'>fecerit;</span> <span class='ocrx_word' id='word_1_71' title='bbox 1951 1162 2013 1204; x_wconf 92' lang='lat' dir='ltr'>ori</span> 
     </span>
     <span class='ocr_line' id='line_1_14' title="bbox 927 1231 1865 1286; baseline 0.001 -13"><span class='ocrx_word' id='word_1_72' title='bbox 927 1232 1035 1273; x_wconf 92' lang='lat' dir='ltr'>Inde</span> <span class='ocrx_word' id='word_1_73' title='bbox 1058 1231 1290 1286; x_wconf 88' lang='lat' dir='ltr'>peregrina</span> <span class='ocrx_word' id='word_1_74' title='bbox 1312 1232 1553 1286; x_wconf 88' lang='lat' dir='ltr'>pharmaca</span> <span class='ocrx_word' id='word_1_75' title='bbox 1576 1232 1691 1274; x_wconf 91' lang='lat' dir='ltr'>lecta</span> <span class='ocrx_word' id='word_1_76' title='bbox 1714 1246 1865 1274; x_wconf 90' lang='lat' dir='ltr'>manu.</span> 
     </span>
     <span class='ocr_line' id='line_1_15' title="bbox 870 1299 1914 1353; baseline 0.001 -12"><span class='ocrx_word' id='word_1_77' title='bbox 870 1300 994 1341; x_wconf 89' lang='lat' dir='ltr'>Haec</span> <span class='ocrx_word' id='word_1_78' title='bbox 1018 1306 1117 1353; x_wconf 86' lang='lat' dir='ltr'>tege</span> <span class='ocrx_word' id='word_1_79' title='bbox 1139 1299 1206 1341; x_wconf 94' lang='lat' dir='ltr'>vel</span> <span class='ocrx_word' id='word_1_80' title='bbox 1230 1299 1345 1341; x_wconf 86' lang='lat' dir='ltr'>foliis</span> <span class='ocrx_word' id='word_1_81' title='bbox 1369 1299 1462 1342; x_wconf 87' lang='lat' dir='ltr'>auri</span> <span class='ocrx_word' id='word_1_82' title='bbox 1486 1300 1553 1341; x_wconf 90' lang='lat' dir='ltr'>vel</span> <span class='ocrx_word' id='word_1_83' title='bbox 1578 1299 1707 1342; x_wconf 90' lang='lat' dir='ltr'>melle</span> <span class='ocrx_word' id='word_1_84' title='bbox 1729 1314 1914 1349; x_wconf 91' lang='lat' dir='ltr'>venena,</span> 
     </span>
     <span class='ocr_line' id='line_1_16' title="bbox 925 1368 1931 1423; baseline 0.002 -14"><span class='ocrx_word' id='word_1_85' title='bbox 925 1368 1140 1410; x_wconf 85' lang='lat' dir='ltr'>Sensibus</span> <span class='ocrx_word' id='word_1_86' title='bbox 1162 1368 1366 1418; x_wconf 88' lang='lat' dir='ltr'>illudens,</span> <span class='ocrx_word' id='word_1_87' title='bbox 1391 1368 1768 1423; x_wconf 85' lang='lat' dir='ltr'>dissimulansque</span> <span class='ocrx_word' id='word_1_88' title='bbox 1791 1368 1931 1411; x_wconf 91' lang='lat' dir='ltr'>dolos.</span> 
     </span>
     <span class='ocr_line' id='line_1_17' title="bbox 869 1436 1956 1491; baseline 0.003 -14"><span class='ocrx_word' id='word_1_89' title='bbox 869 1436 1059 1491; x_wconf 82' lang='lat' dir='ltr'>Expedit</span> <span class='ocrx_word' id='word_1_90' title='bbox 1083 1443 1124 1479; x_wconf 88' lang='lat' dir='ltr'>et</span> <span class='ocrx_word' id='word_1_91' title='bbox 1149 1439 1306 1480; x_wconf 85' lang='lat' dir='ltr'>subtus</span> <span class='ocrx_word' id='word_1_92' title='bbox 1329 1439 1488 1479; x_wconf 91' lang='lat' dir='ltr'>crudos</span> <span class='ocrx_word' id='word_1_93' title='bbox 1511 1437 1753 1480; x_wconf 88' lang='lat' dir='ltr'>immittere</span> <span class='ocrx_word' id='word_1_94' title='bbox 1775 1452 1956 1486; x_wconf 88' lang='lat' dir='ltr'>succos;</span> 
     </span>
     <span class='ocr_line' id='line_1_18' title="bbox 926 1506 1893 1562; baseline 0.002 -15"><span class='ocrx_word' id='word_1_95' title='bbox 926 1506 1019 1548; x_wconf 91' lang='lat' dir='ltr'>Nec</span> <span class='ocrx_word' id='word_1_96' title='bbox 1043 1508 1205 1561; x_wconf 87' lang='lat' dir='ltr'>pudeat</span> <span class='ocrx_word' id='word_1_97' title='bbox 1229 1521 1386 1549; x_wconf 90' lang='lat' dir='ltr'>caecas</span> <span class='ocrx_word' id='word_1_98' title='bbox 1407 1507 1568 1562; x_wconf 87' lang='lat' dir='ltr'>glande</span> <span class='ocrx_word' id='word_1_99' title='bbox 1591 1506 1761 1562; x_wconf 88' lang='lat' dir='ltr'>aperire</span> <span class='ocrx_word' id='word_1_100' title='bbox 1782 1506 1893 1549; x_wconf 88' lang='lat' dir='ltr'>vias.</span> 
     </span>
    </p>
   </div>
   <div class='ocr_carea' id='block_1_4' title="bbox 868 1574 2183 1631">
    <p class='ocr_par' dir='ltr' id='par_1_4' title="bbox 868 1574 2183 1631">
     <span class='ocr_line' id='line_1_19' title="bbox 868 1574 2183 1631; baseline 0.001 -15"><span class='ocrx_word' id='word_1_101' title='bbox 868 1576 997 1617; x_wconf 89' lang='lat' dir='ltr'>Nune</span> <span class='ocrx_word' id='word_1_102' title='bbox 1021 1574 1193 1617; x_wconf 90' lang='lat' dir='ltr'>animas</span> <span class='ocrx_word' id='word_1_103' title='bbox 1216 1590 1265 1617; x_wconf 92' lang='lat' dir='ltr'>os</span> <span class='ocrx_word' id='word_1_104' title='bbox 1287 1590 1364 1630; x_wconf 92' lang='lat' dir='ltr'>per</span> <span class='ocrx_word' id='word_1_105' title='bbox 1386 1590 1614 1631; x_wconf 91' lang='lat' dir='ltr'>superum,</span> <span class='ocrx_word' id='word_1_106' title='bbox 1639 1590 1757 1618; x_wconf 89' lang='lat' dir='ltr'>nunc</span> <span class='ocrx_word' id='word_1_107' title='bbox 1780 1577 1906 1618; x_wconf 90' lang='lat' dir='ltr'>trude</span> <span class='ocrx_word' id='word_1_108' title='bbox 1929 1590 2008 1631; x_wconf 93' lang='lat' dir='ltr'>per</span> <span class='ocrx_word' id='word_1_109' title='bbox 2028 1575 2183 1625; x_wconf 90' lang='lat' dir='ltr'>imum,</span> 
     </span>
    </p>
   </div>
   <div class='ocr_carea' id='block_1_5' title="bbox 922 1643 1965 1699">
    <p class='ocr_par' dir='ltr' id='par_1_5' title="bbox 922 1643 1965 1699">
     <span class='ocr_line' id='line_1_20' title="bbox 922 1643 1965 1699; baseline 0.002 -15"><span class='ocrx_word' id='word_1_110' title='bbox 922 1644 989 1684; x_wconf 92' lang='lat' dir='ltr'>Ad</span> <span class='ocrx_word' id='word_1_111' title='bbox 1014 1645 1166 1698; x_wconf 86' lang='lat' dir='ltr'>Styga</span> <span class='ocrx_word' id='word_1_112' title='bbox 1192 1643 1228 1684; x_wconf 90' lang='lat' dir='ltr'>si</span> <span class='ocrx_word' id='word_1_113' title='bbox 1251 1643 1623 1699; x_wconf 79' lang='lat' dir='ltr'>nescis,ut1aque</span> <span class='ocrx_word' id='word_1_114' title='bbox 1646 1651 1767 1686; x_wconf 87' lang='lat' dir='ltr'>recta</span> <span class='ocrx_word' id='word_1_115' title='bbox 1788 1644 1860 1686; x_wconf 90' lang='lat' dir='ltr'>via</span> <span class='ocrx_word' id='word_1_116' title='bbox 1882 1651 1965 1686; x_wconf 91' lang='lat' dir='ltr'>est.</span> 
     </span>
    </p>
   </div>
   <div class='ocr_carea' id='block_1_6' title="bbox 866 1711 2185 1792">
    <p class='ocr_par' dir='ltr' id='par_1_6' title="bbox 866 1711 2185 1792">
     <span class='ocr_line' id='line_1_21' title="bbox 866 1711 2185 1792; baseline 0.001 -39"><span class='ocrx_word' id='word_1_117' title='bbox 866 1711 983 1767; x_wconf 85' lang='lat' dir='ltr'>Quin</span> <span class='ocrx_word' id='word_1_118' title='bbox 1007 1726 1163 1789; x_wconf 78' lang='lat' dir='ltr'>aegros</span> <span class='ocrx_word' id='word_1_119' title='bbox 1186 1727 1303 1755; x_wconf 90' lang='lat' dir='ltr'>nunc</span> <span class='ocrx_word' id='word_1_120' title='bbox 1325 1714 1462 1755; x_wconf 91' lang='lat' dir='ltr'>tunde</span> <span class='ocrx_word' id='word_1_121' title='bbox 1485 1713 1650 1768; x_wconf 86' lang='lat' dir='ltr'>flagris,</span> <span class='ocrx_word' id='word_1_122' title='bbox 1675 1727 1794 1756; x_wconf 87' lang='lat' dir='ltr'>nunc</span> <span class='ocrx_word' id='word_1_123' title='bbox 1817 1714 1952 1755; x_wconf 91' lang='lat' dir='ltr'>obrue</span> <span class='ocrx_word' id='word_1_124' title='bbox 1975 1712 2185 1792; x_wconf 88' lang='lat' dir='ltr'>lymphis,</span> 
     </span>
    </p>
   </div>
   <div class='ocr_carea' id='block_1_7' title="bbox 863 1781 2116 2940">
    <p class='ocr_par' dir='ltr' id='par_1_7' title="bbox 863 1781 2116 2940">
     <span class='ocr_line' id='line_1_22' title="bbox 923 1781 1942 1836; baseline 0.002 -14"><span class='ocrx_word' id='word_1_125' title='bbox 923 1781 968 1823; x_wconf 93' lang='lat' dir='ltr'>Si</span> <span class='ocrx_word' id='word_1_126' title='bbox 992 1781 1092 1835; x_wconf 89' lang='lat' dir='ltr'>quis</span> <span class='ocrx_word' id='word_1_127' title='bbox 1114 1782 1258 1823; x_wconf 88' lang='lat' dir='ltr'>adhuc</span> <span class='ocrx_word' id='word_1_128' title='bbox 1282 1789 1483 1836; x_wconf 89' lang='lat' dir='ltr'>superest</span> <span class='ocrx_word' id='word_1_129' title='bbox 1506 1782 1686 1832; x_wconf 86' lang='lat' dir='ltr'>halitus,</span> <span class='ocrx_word' id='word_1_130' title='bbox 1711 1796 1802 1832; x_wconf 88' lang='lat' dir='ltr'>ure,</span> <span class='ocrx_word' id='word_1_131' title='bbox 1827 1797 1942 1824; x_wconf 89' lang='lat' dir='ltr'>seca.</span> 
     </span>
     <span class='ocr_line' id='line_1_23' title="bbox 868 1851 2116 1906; baseline 0.001 -14"><span class='ocrx_word' id='word_1_132' title='bbox 868 1852 985 1893; x_wconf 86' lang='lat' dir='ltr'>Pone</span> <span class='ocrx_word' id='word_1_133' title='bbox 1009 1858 1202 1901; x_wconf 89' lang='lat' dir='ltr'>metum;</span> <span class='ocrx_word' id='word_1_134' title='bbox 1234 1858 1384 1906; x_wconf 88' lang='lat' dir='ltr'>pe1eat</span> <span class='ocrx_word' id='word_1_135' title='bbox 1408 1851 1613 1906; x_wconf 90' lang='lat' dir='ltr'>quamvis</span> <span class='ocrx_word' id='word_1_136' title='bbox 1636 1866 1737 1893; x_wconf 90' lang='lat' dir='ltr'>cum</span> <span class='ocrx_word' id='word_1_137' title='bbox 1764 1853 1885 1906; x_wconf 88' lang='lat' dir='ltr'>Rege</span> <span class='ocrx_word' id='word_1_138' title='bbox 1909 1853 2116 1900; x_wconf 90' lang='lat' dir='ltr'>Senatus,</span> 
     </span>
     <span class='ocr_line' id='line_1_24' title="bbox 922 1919 1912 1970; baseline -0.001 -7"><span class='ocrx_word' id='word_1_139' title='bbox 922 1919 1102 1964; x_wconf 90' lang='lat' dir='ltr'>Crimen</span> <span class='ocrx_word' id='word_1_140' title='bbox 1126 1921 1251 1962; x_wconf 88' lang='lat' dir='ltr'>abest</span> <span class='ocrx_word' id='word_1_141' title='bbox 1275 1920 1416 1970; x_wconf 84' lang='lat' dir='ltr'>facto;</span> <span class='ocrx_word' id='word_1_142' title='bbox 1451 1921 1619 1963; x_wconf 88' lang='lat' dir='ltr'>scilicet</span> <span class='ocrx_word' id='word_1_143' title='bbox 1643 1927 1736 1962; x_wconf 90' lang='lat' dir='ltr'>arte</span> <span class='ocrx_word' id='word_1_144' title='bbox 1763 1935 1912 1962; x_wconf 89' lang='lat' dir='ltr'>necas.</span> 
     </span>
     <span class='ocr_line' id='line_1_25' title="bbox 866 1988 2109 2044; baseline 0.001 -14"><span class='ocrx_word' id='word_1_145' title='bbox 866 1988 1066 2044; x_wconf 89' lang='lat' dir='ltr'>Iuppiter</span> <span class='ocrx_word' id='word_1_146' title='bbox 1087 1989 1196 2031; x_wconf 87' lang='lat' dir='ltr'>haec</span> <span class='ocrx_word' id='word_1_147' title='bbox 1221 1991 1329 2044; x_wconf 87' lang='lat' dir='ltr'>Sty</span> <span class='ocrx_word' id='word_1_148' title='bbox 1307 1989 1429 2031; x_wconf 90' lang='lat' dir='ltr'>ius:</span> <span class='ocrx_word' id='word_1_149' title='bbox 1463 1997 1531 2031; x_wconf 89' lang='lat' dir='ltr'>ter</span> <span class='ocrx_word' id='word_1_150' title='bbox 1555 1990 1604 2031; x_wconf 91' lang='lat' dir='ltr'>Io</span> <span class='ocrx_word' id='word_1_151' title='bbox 1625 2003 1735 2044; x_wconf 83' lang='lat' dir='ltr'>gens</span> <span class='ocrx_word' id='word_1_152' title='bbox 1757 1989 1876 2032; x_wconf 92' lang='lat' dir='ltr'>laeta</span> <span class='ocrx_word' id='word_1_153' title='bbox 1899 1988 2109 2031; x_wconf 87' lang='lat' dir='ltr'>silentum</span> 
     </span>
     <span class='ocr_line' id='line_1_26' title="bbox 924 2058 1872 2114; baseline 0.001 -14"><span class='ocrx_word' id='word_1_154' title='bbox 924 2058 1205 2114; x_wconf 88' lang='lat' dir='ltr'>Ingeminat·</span> <span class='ocrx_word' id='word_1_155' title='bbox 1239 2066 1306 2100; x_wconf 89' lang='lat' dir='ltr'>ter</span> <span class='ocrx_word' id='word_1_156' title='bbox 1331 2060 1378 2100; x_wconf 94' lang='lat' dir='ltr'>Io</span> <span class='ocrx_word' id='word_1_157' title='bbox 1402 2059 1577 2101; x_wconf 82' lang='lat' dir='ltr'>r‘eddit</span> <span class='ocrx_word' id='word_1_158' title='bbox 1567 2073 1699 2101; x_wconf 86' lang='lat' dir='ltr'>mane</span> <span class='ocrx_word' id='word_1_159' title='bbox 1721 2059 1872 2101; x_wconf 91' lang='lat' dir='ltr'>chaos.</span> 
     </span>
     <span class='ocr_line' id='line_1_27' title="bbox 866 2128 2064 2184; baseline 0.001 -15"><span class='ocrx_word' id='word_1_160' title='bbox 866 2129 1001 2170; x_wconf 89' lang='lat' dir='ltr'>Nulla</span> <span class='ocrx_word' id='word_1_161' title='bbox 1024 2142 1147 2171; x_wconf 89' lang='lat' dir='ltr'>mora</span> <span class='ocrx_word' id='word_1_162' title='bbox 1169 2136 1235 2170; x_wconf 93' lang='lat' dir='ltr'>est</span> <span class='ocrx_word' id='word_1_163' title='bbox 1254 2143 1262 2177; x_wconf 91' lang='lat'>;</span> <span class='ocrx_word' id='word_1_164' title='bbox 1298 2129 1453 2184; x_wconf 91' lang='lat' dir='ltr'>Stygio</span> <span class='ocrx_word' id='word_1_165' title='bbox 1475 2128 1716 2171; x_wconf 89' lang='lat' dir='ltr'>comitatus</span> <span class='ocrx_word' id='word_1_166' title='bbox 1739 2128 1920 2184; x_wconf 85' lang='lat' dir='ltr'>remige,</span> <span class='ocrx_word' id='word_1_167' title='bbox 1944 2134 2064 2170; x_wconf 86' lang='lat' dir='ltr'>recta</span> 
     </span>
     <span class='ocr_line' id='line_1_28' title="bbox 920 2197 1816 2253; baseline -0.001 -13"><span class='ocrx_word' id='word_1_168' title='bbox 920 2199 985 2240; x_wconf 90' lang='lat' dir='ltr'>Ad</span> <span class='ocrx_word' id='word_1_169' title='bbox 1008 2199 1121 2240; x_wconf 85' lang='lat' dir='ltr'>vada</span> <span class='ocrx_word' id='word_1_170' title='bbox 1144 2197 1299 2252; x_wconf 90' lang='lat' dir='ltr'>Cocyti</span> <span class='ocrx_word' id='word_1_171' title='bbox 1322 2198 1405 2240; x_wconf 88' lang='lat' dir='ltr'>fert</span> <span class='ocrx_word' id='word_1_172' title='bbox 1429 2199 1697 2253; x_wconf 90' lang='lat' dir='ltr'>Onopordus</span> <span class='ocrx_word' id='word_1_173' title='bbox 1720 2197 1816 2240; x_wconf 85' lang='lat' dir='ltr'>iter.</span> 
     </span>
     <span class='ocr_line' id='line_1_29' title="bbox 867 2266 1947 2321; baseline 0 -13"><span class='ocrx_word' id='word_1_174' title='bbox 867 2266 953 2308; x_wconf 90' lang='lat' dir='ltr'>Hic</span> <span class='ocrx_word' id='word_1_175' title='bbox 976 2266 1086 2308; x_wconf 88' lang='lat' dir='ltr'>ratis</span> <span class='ocrx_word' id='word_1_176' title='bbox 1109 2267 1334 2315; x_wconf 88' lang='lat' dir='ltr'>haerebat,</span> <span class='ocrx_word' id='word_1_177' title='bbox 1360 2281 1448 2321; x_wconf 90' lang='lat' dir='ltr'>qua</span> <span class='ocrx_word' id='word_1_178' title='bbox 1470 2281 1611 2321; x_wconf 90' lang='lat' dir='ltr'>nuper</span> <span class='ocrx_word' id='word_1_179' title='bbox 1632 2266 1820 2321; x_wconf 86' lang='lat' dir='ltr'>portitor</span> <span class='ocrx_word' id='word_1_180' title='bbox 1845 2266 1947 2310; x_wconf 91' lang='lat' dir='ltr'>Orci</span> 
     </span>
     <span class='ocr_line' id='line_1_30' title="bbox 920 2334 1831 2389; baseline 0 -13"><span class='ocrx_word' id='word_1_181' title='bbox 920 2336 1128 2385; x_wconf 87' lang='lat' dir='ltr'>Venerat,</span> <span class='ocrx_word' id='word_1_182' title='bbox 1154 2336 1268 2377; x_wconf 91' lang='lat' dir='ltr'>hanc</span> <span class='ocrx_word' id='word_1_183' title='bbox 1291 2334 1414 2377; x_wconf 90' lang='lat' dir='ltr'>iuxta</span> <span class='ocrx_word' id='word_1_184' title='bbox 1437 2335 1556 2389; x_wconf 91' lang='lat' dir='ltr'>regia</span> <span class='ocrx_word' id='word_1_185' title='bbox 1582 2335 1701 2377; x_wconf 91' lang='lat' dir='ltr'>Ditis</span> <span class='ocrx_word' id='word_1_186' title='bbox 1723 2341 1831 2377; x_wconf 92' lang='lat' dir='ltr'>erat.</span> 
     </span>
     <span class='ocr_line' id='line_1_31' title="bbox 866 2403 1855 2458; baseline 0 -13"><span class='ocrx_word' id='word_1_187' title='bbox 866 2404 927 2446; x_wconf 94' lang='lat' dir='ltr'>Ut</span> <span class='ocrx_word' id='word_1_188' title='bbox 951 2403 1077 2445; x_wconf 90' lang='lat' dir='ltr'>littus</span> <span class='ocrx_word' id='word_1_189' title='bbox 1098 2403 1298 2458; x_wconf 89' lang='lat' dir='ltr'>tetigere,</span> <span class='ocrx_word' id='word_1_190' title='bbox 1323 2409 1464 2445; x_wconf 91' lang='lat' dir='ltr'>ratem</span> <span class='ocrx_word' id='word_1_191' title='bbox 1489 2405 1541 2445; x_wconf 92' lang='lat' dir='ltr'>de</span> <span class='ocrx_word' id='word_1_192' title='bbox 1564 2403 1710 2445; x_wconf 90' lang='lat' dir='ltr'>littore</span> <span class='ocrx_word' id='word_1_193' title='bbox 1739 2403 1855 2445; x_wconf 90' lang='lat' dir='ltr'>saltu</span> 
     </span>
     <span class='ocr_line' id='line_1_32' title="bbox 921 2472 1936 2528; baseline -0.001 -13"><span class='ocrx_word' id='word_1_194' title='bbox 921 2474 1123 2528; x_wconf 89' lang='lat' dir='ltr'>Occupat</span> <span class='ocrx_word' id='word_1_195' title='bbox 1147 2473 1366 2523; x_wconf 89' lang='lat' dir='ltr'>Aeolides,</span> <span class='ocrx_word' id='word_1_196' title='bbox 1391 2472 1765 2527; x_wconf 90' lang='lat' dir='ltr'>subsequiturque</span> <span class='ocrx_word' id='word_1_197' title='bbox 1788 2487 1936 2514; x_wconf 85' lang='lat' dir='ltr'>senex.</span> 
     </span>
     <span class='ocr_line' id='line_1_33' title="bbox 865 2539 2112 2596; baseline 0 -14"><span class='ocrx_word' id='word_1_198' title='bbox 865 2539 1041 2595; x_wconf 84' lang='lat' dir='ltr'>Excipit</span> <span class='ocrx_word' id='word_1_199' title='bbox 1066 2555 1153 2582; x_wconf 90' lang='lat' dir='ltr'>una</span> <span class='ocrx_word' id='word_1_200' title='bbox 1175 2542 1285 2582; x_wconf 92' lang='lat' dir='ltr'>duos</span> <span class='ocrx_word' id='word_1_201' title='bbox 1309 2540 1495 2596; x_wconf 90' lang='lat' dir='ltr'>puppis;</span> <span class='ocrx_word' id='word_1_202' title='bbox 1530 2542 1607 2583; x_wconf 92' lang='lat' dir='ltr'>sed</span> <span class='ocrx_word' id='word_1_203' title='bbox 1631 2542 1804 2596; x_wconf 92' lang='lat' dir='ltr'>pondus</span> <span class='ocrx_word' id='word_1_204' title='bbox 1827 2542 1881 2583; x_wconf 90' lang='lat' dir='ltr'>ab</span> <span class='ocrx_word' id='word_1_205' title='bbox 1905 2555 1996 2583; x_wconf 91' lang='lat' dir='ltr'>uno</span> <span class='ocrx_word' id='word_1_206' title='bbox 2019 2548 2112 2583; x_wconf 89' lang='lat' dir='ltr'>est:</span> 
     </span>
     <span class='ocr_line' id='line_1_34' title="bbox 919 2610 1926 2665; baseline -0.001 -13"><span class='ocrx_word' id='word_1_207' title='bbox 919 2612 1018 2665; x_wconf 84' lang='lat' dir='ltr'>Qua</span> <span class='ocrx_word' id='word_1_208' title='bbox 1041 2616 1180 2659; x_wconf 84' lang='lat' dir='ltr'>satus,</span> <span class='ocrx_word' id='word_1_209' title='bbox 1205 2610 1431 2652; x_wconf 87' lang='lat' dir='ltr'>Aeolidem</span> <span class='ocrx_word' id='word_1_210' title='bbox 1454 2610 1617 2652; x_wconf 86' lang='lat' dir='ltr'>fecerat</span> <span class='ocrx_word' id='word_1_211' title='bbox 1641 2624 1748 2652; x_wconf 91' lang='lat' dir='ltr'>aura</span> <span class='ocrx_word' id='word_1_212' title='bbox 1770 2610 1926 2652; x_wconf 90' lang='lat' dir='ltr'>levem.</span> 
     </span>
     <span class='ocr_line' id='line_1_35' title="bbox 865 2678 2098 2733; baseline 0 -13"><span class='ocrx_word' id='word_1_213' title='bbox 865 2680 962 2720; x_wconf 87' lang='lat' dir='ltr'>Nox</span> <span class='ocrx_word' id='word_1_214' title='bbox 985 2686 1077 2720; x_wconf 89' lang='lat' dir='ltr'>erat</span> <span class='ocrx_word' id='word_1_215' title='bbox 1097 2693 1104 2720; x_wconf 93' lang='lat'>:</span> <span class='ocrx_word' id='word_1_216' title='bbox 1141 2678 1272 2720; x_wconf 89' lang='lat' dir='ltr'>huius</span> <span class='ocrx_word' id='word_1_217' title='bbox 1295 2693 1424 2733; x_wconf 92' lang='lat' dir='ltr'>opem</span> <span class='ocrx_word' id='word_1_218' title='bbox 1450 2679 1633 2733; x_wconf 87' lang='lat' dir='ltr'>supplex</span> <span class='ocrx_word' id='word_1_219' title='bbox 1657 2685 1698 2720; x_wconf 93' lang='lat' dir='ltr'>et</span> <span class='ocrx_word' id='word_1_220' title='bbox 1723 2693 1888 2720; x_wconf 90' lang='lat' dir='ltr'>numen</span> <span class='ocrx_word' id='word_1_221' title='bbox 1912 2686 2098 2733; x_wconf 88' lang='lat' dir='ltr'>uterque</span> 
     </span>
     <span class='ocr_line' id='line_1_36' title="bbox 918 2747 1924 2802; baseline 0.001 -14"><span class='ocrx_word' id='word_1_222' title='bbox 918 2747 1007 2789; x_wconf 82' lang='lat' dir='ltr'>Ter</span> <span class='ocrx_word' id='word_1_223' title='bbox 1028 2755 1171 2797; x_wconf 89' lang='lat' dir='ltr'>vocat,</span> <span class='ocrx_word' id='word_1_224' title='bbox 1197 2748 1300 2790; x_wconf 90' lang='lat' dir='ltr'>hinc</span> <span class='ocrx_word' id='word_1_225' title='bbox 1323 2747 1468 2790; x_wconf 92' lang='lat' dir='ltr'>noctis</span> <span class='ocrx_word' id='word_1_226' title='bbox 1492 2747 1622 2798; x_wconf 88' lang='lat' dir='ltr'>filius,</span> <span class='ocrx_word' id='word_1_227' title='bbox 1647 2748 1748 2790; x_wconf 91' lang='lat' dir='ltr'>inde</span> <span class='ocrx_word' id='word_1_228' title='bbox 1772 2762 1924 2802; x_wconf 88' lang='lat' dir='ltr'>nepos.</span> 
     </span>
     <span class='ocr_line' id='line_1_37' title="bbox 863 2816 1950 2871; baseline 0.001 -14"><span class='ocrx_word' id='word_1_229' title='bbox 863 2816 1070 2857; x_wconf 85' lang='lat' dir='ltr'>Protinus</span> <span class='ocrx_word' id='word_1_230' title='bbox 1096 2816 1331 2871; x_wconf 88' lang='lat' dir='ltr'>insurgens</span> <span class='ocrx_word' id='word_1_231' title='bbox 1354 2817 1503 2867; x_wconf 89' lang='lat' dir='ltr'>remis,</span> <span class='ocrx_word' id='word_1_232' title='bbox 1529 2823 1570 2858; x_wconf 92' lang='lat' dir='ltr'>et</span> <span class='ocrx_word' id='word_1_233' title='bbox 1595 2816 1745 2858; x_wconf 89' lang='lat' dir='ltr'>littora</span> <span class='ocrx_word' id='word_1_234' title='bbox 1771 2830 1950 2858; x_wconf 89' lang='lat' dir='ltr'>verrens</span> 
     </span>
     <span class='ocr_line' id='line_1_38' title="bbox 917 2884 1968 2940; baseline 0 -14"><span class='ocrx_word' id='word_1_235' title='bbox 917 2884 1033 2926; x_wconf 90' lang='lat' dir='ltr'>Tum</span> <span class='ocrx_word' id='word_1_236' title='bbox 1057 2886 1247 2934; x_wconf 91' lang='lat' dir='ltr'>deserta,</span> <span class='ocrx_word' id='word_1_237' title='bbox 1273 2885 1450 2928; x_wconf 90' lang='lat' dir='ltr'>Charon</span> <span class='ocrx_word' id='word_1_238' title='bbox 1475 2887 1529 2927; x_wconf 92' lang='lat' dir='ltr'>ad</span> <span class='ocrx_word' id='word_1_239' title='bbox 1553 2886 1693 2940; x_wconf 85' lang='lat' dir='ltr'>Styga</span> <span class='ocrx_word' id='word_1_240' title='bbox 1715 2885 1845 2927; x_wconf 89' lang='lat' dir='ltr'>vertit</span> <span class='ocrx_word' id='word_1_241' title='bbox 1873 2885 1968 2927; x_wconf 89' lang='lat' dir='ltr'>iter.</span> 
     </span>
    </p>
   </div>
   <div class='ocr_carea' id='block_1_8' title="bbox 829 2969 2341 3012">
    <p class='ocr_par' dir='ltr' id='par_1_8' title="bbox 829 2969 2341 3012">
     <span class='ocr_line' id='line_1_39' title="bbox 829 2969 2341 3012; baseline 0.002 -13"><span class='ocrx_word' id='word_1_242' title='bbox 829 2978 898 3008; x_wconf 85' lang='lat'>230.</span> <span class='ocrx_word' id='word_1_243' title='bbox 928 2970 1018 3000; x_wconf 78' lang='lat' dir='ltr'>Cous</span> <span class='ocrx_word' id='word_1_244' title='bbox 1038 2971 1309 3011; x_wconf 77' lang='lat' dir='ltr'>Pergameusque</span> <span class='ocrx_word' id='word_1_245' title='bbox 1327 2971 1458 3010; x_wconf 69' lang='lat' dir='ltr'>senex]</span> <span class='ocrx_word' id='word_1_246' title='bbox 1507 2971 1735 3012; x_wconf 81' lang='lat' dir='ltr'>Hippocrates</span> <span class='ocrx_word' id='word_1_247' title='bbox 1752 2971 1790 3002; x_wconf 84' lang='lat' dir='ltr'>os</span> <span class='ocrx_word' id='word_1_248' title='bbox 1803 2972 1869 3002; x_wconf 89' lang='lat' dir='ltr'>Cos</span> <span class='ocrx_word' id='word_1_249' title='bbox 1887 2969 1953 3002; x_wconf 86' lang='lat' dir='ltr'>and</span> <span class='ocrx_word' id='word_1_250' title='bbox 1971 2970 2078 3002; x_wconf 85' lang='lat' dir='ltr'>Galen</span> <span class='ocrx_word' id='word_1_251' title='bbox 2096 2971 2134 3001; x_wconf 86' lang='lat' dir='ltr'>os</span> <span class='ocrx_word' id='word_1_252' title='bbox 2148 2970 2341 3011; x_wconf 56' lang='lat' dir='ltr'>Pergamus</span> 
     </span>
    </p>
   </div>
   <div class='ocr_carea' id='block_1_9' title="bbox 2412 559 2494 599">
    <p class='ocr_par' dir='ltr' id='par_1_9' title="bbox 2412 559 2494 599">
     <span class='ocr_line' id='line_1_40' title="bbox 2412 559 2494 599; baseline 0 -11"><span class='ocrx_word' id='word_1_253' title='bbox 2412 559 2494 599; x_wconf 84' lang='lat'>230</span> 
     </span>
    </p>
   </div>
   <div class='ocr_carea' id='block_1_10' title="bbox 2411 1245 2493 1286">
    <p class='ocr_par' dir='ltr' id='par_1_10' title="bbox 2411 1245 2493 1286">
     <span class='ocr_line' id='line_1_41' title="bbox 2411 1245 2493 1286; baseline 0.012 -13"><span class='ocrx_word' id='word_1_254' title='bbox 2411 1245 2493 1286; x_wconf 89' lang='lat'>240</span> 
     </span>
    </p>
   </div>
   <div class='ocr_carea' id='block_1_11' title="bbox 2407 1933 2489 1974">
    <p class='ocr_par' dir='ltr' id='par_1_11' title="bbox 2407 1933 2489 1974">
     <span class='ocr_line' id='line_1_42' title="bbox 2407 1933 2489 1974; baseline 0 -12"><span class='ocrx_word' id='word_1_255' title='bbox 2407 1933 2489 1974; x_wconf 87' lang='lat'>250</span> 
     </span>
    </p>
   </div>
   <div class='ocr_carea' id='block_1_12' title="bbox 2406 2611 2487 2652">
    <p class='ocr_par' dir='ltr' id='par_1_12' title="bbox 2406 2611 2487 2652">
     <span class='ocr_line' id='line_1_43' title="bbox 2406 2611 2487 2652; baseline 0.012 -1"><span class='ocrx_word' id='word_1_256' title='bbox 2406 2611 2487 2652; x_wconf 85' lang='lat'>260</span> 
     </span>
    </p>
   </div>
   <div class='ocr_carea' id='block_1_13' title="bbox 2535 412 2594 3749">
    <p class='ocr_par' dir='ltr' id='par_1_13' title="bbox 2535 412 2594 3749">
     <span class='ocr_line' id='line_1_44' title="bbox 2535 412 2594 3749; baseline 0 0"><span class='ocrx_word' id='word_1_257' title='bbox 2535 412 2594 3749; x_wconf 95' lang='lat' dir='ltr'> </span> 
     </span>
    </p>
   </div>
  </div>
 </body>
</html>
