2594 3749
853 281 884 312 A
917 281 1116 313 RIDDLE.
1809 286 1888 328 127

360 605 460 645 XX.
506 604 747 645 SPHINX
779 604 863 644 AD
898 605 1207 647 CAROLUM
1244 605 1617 646 PRINCIPEM.

262 743 345 783 Est
367 741 541 795 genitor
566 742 786 791 Phoebus,
811 741 1002 795 genitrix
1027 741 1135 783 mihi
1159 742 1346 784 daedala
1369 742 1518 792 tellus,

320 811 534 852 Feminea
557 811 696 852 cecidi
719 811 791 852 vix
814 812 924 853 bene
948 818 1055 852 nata
1079 825 1231 852 manu.

262 881 356 922 Nec
380 895 498 921 mors
521 894 610 921 una
632 879 730 929 fuit,
755 887 890 934 caput
914 895 939 921 a
963 880 1131 922 cervice
1154 881 1378 922 revulsum

321 949 559 990 Materiam
582 949 777 991 flammis
800 950 967 991 rustica
990 951 1121 992 turba
1144 950 1278 992 dedit.

262 1018 347 1074 Qui
372 1018 479 1059 mihi
503 1020 716 1068 restabat,
741 1026 949 1060 truncum
973 1033 1084 1072 gens
1110 1019 1247 1073 impia
1274 1018 1432 1061 vinclis

323 1087 505 1136 Pressit,
529 1093 571 1128 et
596 1087 759 1128 iniecto
783 1089 975 1141 pondere
1000 1088 1152 1129 mersit
1177 1088 1317 1141 aquis.

265 1155 384 1197 Hinc
407 1156 573 1205 trahor,
598 1156 781 1198 aestivis
804 1156 959 1198 insons
982 1164 1030 1198 ut
1055 1157 1224 1199 solibus
1248 1172 1363 1207 urar,

323 1226 613 1279 Membraque
637 1240 714 1280 per
737 1240 919 1280 campos
943 1226 1214 1268 intumulata
1237 1227 1399 1269 iacent.

265 1296 391 1336 Haec
416 1294 489 1336 ubi
514 1295 721 1344 sustinui,
747 1295 869 1336 duris
896 1310 1005 1349 gens
1033 1310 1166 1337 saeva
1189 1296 1379 1350 flagellis

322 1363 517 1418 Excipit,
542 1371 584 1405 et
609 1364 798 1405 miserae
822 1364 971 1406 tundit
995 1372 1235 1419 utrumque
1260 1365 1392 1406 latus.
1845 1378 1896 1406 10

266 1433 370 1473 Mox
392 1433 513 1474 velut
540 1433 680 1483 Ixion,
706 1448 874 1487 poenas
900 1434 1086 1475 Iunonis
1109 1441 1286 1475 amatae

324 1502 408 1557 Qui
432 1502 529 1552 luit,
555 1502 759 1557 imponor
780 1502 1039 1544 dilanianda
1066 1510 1203 1544 rotae.

266 1572 386 1613 Hinc
409 1571 539 1626 rapit,
564 1579 606 1613 et
629 1573 795 1614 fractos
817 1579 958 1614 tortor
979 1587 1121 1614 novus
1144 1573 1298 1627 alligat
1322 1580 1463 1623 artus,

323 1642 382 1682 Et
406 1641 566 1695 premit
590 1641 802 1696 appensis
824 1642 1181 1696 ponderibusque
1204 1642 1357 1684 trahit.

265 1711 359 1752 Nec
384 1712 543 1752 modus
565 1719 647 1760 est,
673 1718 749 1752 aut
774 1718 894 1753 meta
918 1711 1074 1761 malis3
1109 1712 1399 1754 muliebribus
1423 1712 1559 1754 armis

324 1781 522 1834 Impetor
544 1780 709 1830 infelix,
735 1780 1049 1834 forficibusque
1073 1791 1211 1822 secor.'

266 1849 367 1889 Non
390 1855 456 1890 tot
479 1863 604 1890 amor
625 1856 782 1903 pectus
805 1849 899 1903 figit
923 1849 1114 1890 iuvenile
1137 1850 1328 1903 sagittis,

324 1918 375 1958 In
400 1932 499 1958 mea
521 1924 627 1970 quot
651 1918 833 1960 strictae
861 1919 1060 1959 membra
1086 1918 1289 1959 seruntur
1314 1933 1435 1960 acus.

266 1986 388 2027 Mille
413 1986 556 2027 modis
578 1988 760 2028 tandem
785 1987 981 2028 lacerum
1005 1987 1114 2028 mihi
1138 2002 1298 2041 corpus
1321 1988 1364 2028 in
1389 1987 1519 2029 undis

322 2055 555 2104 Atteritur,
581 2055 702 2096 fibris
724 2055 1036 2110 excutiturque
1061 2055 1168 2097 suis.
1845 2070 1898 2098 20

268 2123 450 2165 Mollius
473 2124 658 2166 incudes
681 2124 825 2166 media
849 2127 1100 2166 tunduntur
1120 2125 1164 2166 in
1188 2126 1348 2174 Aetna,

327 2194 447 2234 Dum
471 2201 598 2247 parat
622 2193 787 2235 invicto
813 2194 1032 2235 Mulciber
1058 2208 1184 2235 arma
1212 2194 1319 2236 Iovi.

268 2262 366 2302 Hos
389 2276 470 2315 ego
494 2276 571 2315 per
592 2277 739 2312 casus,
764 2277 841 2316 per
862 2269 928 2304 tot
952 2262 1225 2312 discrimina,
1254 2263 1466 2317 Princeps

326 2331 487 2372 Strena
510 2331 599 2372 tuis
622 2345 773 2372 servor
796 2331 1190 2385 quantulacunque
1213 2332 1363 2373 tholis.

267 2399 413 2439 Nemo
435 2399 598 2449 minus,
624 2399 660 2441 si
684 2414 768 2450 me,
793 2399 829 2441 si
854 2415 967 2454 quae
990 2401 1098 2441 dant
1122 2400 1311 2442 candida
1335 2414 1496 2454 pensas

329 2468 530 2518 Pectora,
555 2482 688 2510 nemo
710 2468 829 2510 dedit
853 2468 954 2523 plus
976 2468 1071 2519 tibi,
1095 2483 1227 2510 nemo
1249 2468 1386 2510 dabit.

232 2615 262 2645 6.
290 2614 410 2646 Mersit
427 2614 553 2656 aquis.]
599 2616 663 2646 See
682 2616 748 2646 No.
768 2615 872 2652 XLI„
890 2615 911 2646 l.
931 2625 989 2647 22:
1018 2617 1098 2647 Pars
1115 2616 1197 2646 mihi
1216 2615 1385 2647 flumineis
1401 2626 1508 2646 mersa
1524 2614 1680 2647 domatur
1696 2615 1804 2656 aquis.

212 2678 262 2699 20.
288 2669 480 2709 Atteritur]
533 2670 562 2700 A
580 2669 669 2711 good
687 2669 825 2710 parallel
842 2670 870 2701 is
888 2670 921 2701 in
941 2670 1114 2702 Barlaeus'
1134 2670 1275 2702 kindred
1292 2669 1398 2701 riddle
1421 2680 1458 2701 as
1480 2676 1516 2702 to
1538 2670 1595 2701 the
1617 2670 1761 2702 tobacco
1785 2670 1899 2711 plant:

99 2726 119 2740 “
132 2722 316 2765 Torqueor,
338 2723 478 2763 incidor,
498 2730 638 2762 torreor,
656 2734 733 2756 uror
750 2725 839 2756 idem
852 2727 869 2739 '⁷
889 2725 1062 2767 (Poemata
1079 2726 1119 2755 M
1122 2725 1236 2763 ἵει-ΔΛ,
1254 2736 1285 2766 p.
1304 2725 1391 2766 244).

213 2787 264 2817 25.
291 2779 403 2809 Nemo
428 2778 566 2818 minus]
612 2778 686 2810 The
714 2779 780 2810 last
804 2779 939 2816 distich,
966 2779 1048 2810 with
1077 2780 1120 2811 its
1147 2779 1390 2811 concentrated
1417 2779 1541 2811 wealth
1570 2780 1609 2811 of
1630 2780 1803 2821 meaning,
1830 2780 1857 2811 is
1882 2790 1902 2811 a

101 2832 271 2872 specimen
288 2833 327 2864 of
338 2833 417 2864 how
434 2833 535 2865 much
557 2844 636 2875 may
651 2834 693 2865 be
710 2834 839 2875 packed
857 2834 928 2866 into
945 2845 965 2865 a
981 2835 1080 2866 brace
1097 2835 1136 2866 of
1150 2835 1251 2866 Latin
1276 2835 1372 2866 lines.
1421 2835 1451 2865 It
1468 2845 1558 2875 may,
1577 2835 1610 2865 in
1628 2835 1706 2872 fact,
1723 2834 1902 2876 challenge

102 2885 158 2916 the
174 2886 312 2918 modern
332 2888 520 2927 Parnassus
537 2888 577 2919 of
590 2888 690 2919 Latin
708 2899 803 2920 verse
821 2895 856 2920 to
874 2889 1022 2930 produce
1040 2899 1060 2920 a
1077 2893 1251 2920 “marrow
1265 2890 1283 2902 ‘'
1300 2896 1335 2920 to
1352 2889 1387 2919 it.
