2594 3749
549 301 787 333 DIATRIBE
818 302 886 333 ΟΝ
922 303 1195 335 RAPACIOUS
1227 305 1441 337 SAILORS.
1822 313 1898 341 101

194 643 203 652 .
250 612 314 652 IN
355 612 604 654 NAUTAS
646 613 730 654 AD
776 614 1252 656 NOBILISSIMUM
1298 615 1509 656 VIRUM
1554 616 1899 660 GEORGIUM

439 686 697 729 HAYUMl
730 688 1238 731 CANCELLARIUM
1277 688 1561 731 SCOTIAE.

269 846 413 900 Haye,
439 845 669 888 Caledonii
694 847 947 889 moderator
969 846 1075 889 iuris
1098 854 1140 889 et
1164 847 1308 902 aequi,

328 915 413 970 Qui
437 915 610 957 miseris
632 923 883 971 promptam
907 917 1093 971 porrigis
1117 932 1232 959 unus
1255 932 1410 972 opem3

269 983 316 1026 Si
338 990 483 1034 vacat,
508 990 551 1026 et
568 991 722 1026 vatum
746 999 834 1026 non
858 1000 1063 1027 aversare
1091 986 1308 1040 querelas,

327 1053 454 1095 Haec
477 1054 598 1108 lege:
633 1068 766 1108 quam
789 1069 938 1109 posco,
963 1069 1099 1109 parva
1121 1055 1353 1110 brevisque
1375 1070 1499 1097 mora
1522 1062 1603 1097 est.

271 1122 436 1164 Debuit
460 1123 553 1178 ipse
576 1123 668 1165 suis
691 1130 846 1166 auctor
867 1139 1016 1166 comes
1037 1125 1098 1167 ire
1120 1125 1294 1175 libellis,

328 1193 642 1246 Prosternique
664 1200 765 1236 tuos
788 1208 979 1236 cernuus
1001 1201 1105 1237 ante
1127 1196 1287 1250 pedes:

268 1262 354 1303 Sed
376 1261 487 1316 fugit
510 1261 660 1304 infelix
683 1263 914 1305 hominum
938 1264 1162 1306 consortia
1183 1272 1324 1315 vates,

326 1332 420 1373 Nec
444 1331 548 1373 sinit
572 1332 806 1387 ingenuus,
832 1347 919 1387 quo
942 1333 1079 1383 lubet,
1104 1333 1165 1375 ire
1188 1336 1342 1389 pudor.

267 1401 417 1443 Causa
439 1402 646 1456 pudenda
669 1401 862 1455 quidem,
888 1403 964 1444 sed
988 1402 1105 1445 iusta
1128 1410 1195 1445 est
1219 1419 1354 1446 causa
1377 1405 1583 1459 pudoris;

325 1470 399 1512 Nil
423 1478 623 1526 superest
647 1471 722 1522 illi,
748 1487 834 1526 quo
858 1487 938 1514 sua
962 1473 1161 1515 membra
1184 1480 1322 1528 tegat.
1850 1489 1901 1517 10

269 1540 374 1582 Plus
399 1541 510 1590 Dea,
538 1541 822 1596 Gargaphiae
845 1541 1017 1583 iuvenis
1040 1557 1171 1595 quem
1194 1542 1302 1584 vidit
1326 1543 1369 1584 in
1394 1545 1528 1594 unda,

326 1610 432 1652 Plus
457 1610 676 1661 Charites,
701 1625 861 1666 corpus
885 1626 971 1665 quo
994 1618 1219 1662 tueantur,
1244 1613 1425 1655 habent.

267 1679 340 1722 Sic
362 1695 472 1734 puer
493 1680 584 1722 ales
608 1687 716 1731 erat,
740 1680 881 1723 niveis
904 1696 1005 1723 cum
1030 1681 1186 1723 matris
1208 1681 1251 1723 in
1276 1682 1392 1724 ulnis

326 1750 470 1804 Impia
492 1749 657 1792 crudeli
681 1750 863 1805 cuspide
885 1750 1041 1805 punxit
1065 1750 1175 1805 apis.

267 1818 340 1861 Sic
364 1825 457 1861 erat
479 1819 700 1862 Aeacidae
723 1826 879 1870 mater,
905 1819 967 1862 sic
990 1827 1134 1862 mater
1155 1821 1333 1871 amoris,

323 1889 437 1930 Cum
462 1888 653 1943 pretium
675 1889 844 1931 formae
866 1890 919 1931 de
942 1889 1084 1931 tribus
1107 1904 1196 1932 una
1218 1889 1334 1932 tulit.

268 1957 362 1999 Nec
385 1972 514 2012 mage
537 1959 656 2000 nuda
679 1958 775 2008 fuit,
800 1958 918 2000 facta
941 1965 1007 2000 est
1031 1974 1131 2001 cum
1155 1959 1305 2001 fabula
1329 1959 1466 2010 caelo,

326 2027 496 2080 Perque
519 2042 624 2069 suas
646 2027 817 2069 concha
840 2042 941 2070 cum
969 2028 1204 2070 veheretur
1229 2043 1383 2082 aquas.

267 2096 368 2136 Non
391 2096 522 2137 ruber
543 2096 771 2138 hortorum
795 2103 961 2146 custos,
989 2111 1077 2138 non
1101 2096 1194 2151 ipse
1219 2099 1467 2152 Pyracmon

326 2164 511 2214 Nudior,
536 2164 701 2207 invicto
724 2179 825 2207 curn
849 2172 976 2220 parat
1000 2180 1124 2208 arma
1153 2166 1261 2208 Iovi.
1848 2181 1901 2208 20

268 2233 362 2275 Nec
387 2233 649 2275 Laertiades
674 2234 930 2276 Phaeacum
954 2234 1121 2276 eiectus
1145 2235 1187 2275 in
1212 2250 1326 2285 oras,

326 2302 578 2345 Nausicaae
601 2309 769 2357 peteret
793 2317 894 2345 curn
917 2317 1058 2358 vagus
1081 2303 1242 2358 hospes
1265 2319 1409 2358 opem.

212 2448 259 2468 11.
286 2438 530 2480 Gargaphiae.]
576 2438 650 2471 The
670 2439 826 2471 fountain
847 2446 881 2471 at
904 2439 1042 2471 Plataea
1059 2439 1092 2470 in
1112 2440 1266 2472 Boeotia.
1317 2440 1486 2481 Probably
1505 2440 1636 2481 loosely
1655 2441 1704 2471 for
1727 2440 1900 2471 Boeotiam.

213 2557 261 2587 14.
288 2547 412 2579 Punxit
428 2547 529 2589 apis.]
561 2547 636 2580 The
653 2554 765 2589 pretty
782 2554 875 2589 story
893 2548 925 2579 in
943 2548 1001 2580 the
1017 2549 1265 2580 Anacreontics
1282 2549 1320 2580 of
1333 2548 1475 2589 Cupid's
1493 2548 1594 2589 being
1612 2555 1715 2589 stung
1731 2548 1775 2589 by
1792 2559 1811 2579 a
1828 2549 1900 2580 bee.

213 2611 260 2642 17.
287 2602 393 2633 Facta
409 2603 488 2642 est.]
534 2603 563 2633 A
581 2603 762 2643 particular
780 2603 848 2634 and
865 2603 973 2644 single
991 2603 1165 2640 occasion,
1183 2603 1242 2635 but
1261 2602 1443 2640 veheretur,
1461 2614 1525 2644 any
1545 2603 1716 2634 occasion.

213 2666 262 2696 17.
288 2656 418 2687 Fabula
435 2656 561 2697 caelo.]
606 2657 681 2689 The
698 2663 792 2698 story
809 2658 848 2689 of
860 2657 918 2688 8th
935 2657 1103 2698 Odyssey,
1121 2658 1219 2689 when
1238 2658 1355 2688 Venus
1371 2667 1441 2689 was
1458 2657 1645 2698 entrapped
1662 2657 1706 2698 by
1721 2656 1864 2689 Vulcan.

209 2733 219 2752 ¹
235 2733 420 2775 Georgium
445 2734 611 2775 Hayum.]
657 2734 742 2766 This
766 2735 794 2766 is
818 2734 875 2766 the
900 2734 1087 2766 illustrious
1105 2735 1241 2775 George
1261 2735 1351 2775 Hay,
1369 2734 1448 2766 who
1465 2744 1561 2766 carne
1579 2734 1685 2765 under
1702 2734 1759 2765 the
1779 2734 1901 2776 King’s

97 2788 207 2819 notice
233 2788 264 2818 in
293 2789 350 2819 the
377 2789 512 2820 Gowrie
542 2790 764 2831 Conspiracy‚
791 2790 858 2821 and
883 2801 959 2821 rose
985 2795 1020 2820 to
1042 2790 1083 2820 be
1109 2790 1187 2821 Earl
1212 2790 1252 2820 of
1274 2790 1431 2821 Kinnoul.
1485 2791 1548 2821 See
1574 2789 1735 2829 Epigram
1759 2790 1901 2829 (among

98 2843 153 2874 the
180 2847 199 2860 ‘⁴
215 2843 355 2875 Nobiles
381 2844 509 2884 Scoti‚'‘
536 2845 610 2877 Vol.
645 2845 705 2886 ΙΙ.)
733 2855 778 2876 on
803 2845 872 2877 this
892 2845 975 2886 high
998 2845 1146 2883 officia13
1178 2845 1250 2876 also
1284 2846 1495 2876 Scotstarvet
1519 2845 1551 2875 in
1580 2845 1633 2875 his
1657 2848 1676 2860 ⁴*
1693 2844 1901 2885 Staggering

98 2491 170 2523 The
187 2492 288 2524 locale
304 2493 342 2523 of
355 2493 412 2524 the
430 2493 613 2525 Narcissus
630 2493 755 2535 legend
773 2494 800 2526 is
818 2494 886 2526 laid
903 2495 947 2535 by
965 2494 1053 2525 Ovid
1073 2494 1105 2525 in
1125 2494 1280 2526 Boeotia.

10 2642 13 2671 1

13 2941 15 2964 ι

99 2897 226 2936 State‚''
243 2907 274 2938 p.
298 2899 345 2928 18.
392 2898 571 2939 Appendix
588 2905 622 2931 to
641 2899 839 2941 Spalding's
860 2900 1006 2937 Trnfflz‘s,
1024 2911 1058 2941 p.
1076 2903 1149 2939 381.
