2594 3749
769 332 875 364 SATI
885 334 943 364 RE
977 333 1043 366 ΟΝ
1080 331 1254 367 EGLISH
1264 334 1344 368 EM.

608 751 661 792 V.
703 752 1093 795 ONOPORDUS
1128 755 1400 797 FURENS.

278 899 443 942 Phoebi
465 901 604 943 stulta
627 902 798 952 cohors,
824 902 1019 945 medicas
1042 902 1147 958 quid
1170 904 1366 959 prodigis
1388 907 1539 948 artes?

335 970 450 1027 Quid
482 971 666 1013 laterem
691 973 873 1013 demens
896 973 1250 1028 Aethiopemque
1274 975 1430 1017 lavas?

276 1041 393 1082 Ante
418 1040 588 1082 Pharos
610 1040 855 1090 Tamesim,
879 1042 1080 1097 tepidum
1105 1043 1224 1085 bibet
1248 1044 1410 1098 Anglia
1434 1044 1603 1095 Nilum,

335 1110 676 1164 Miscebuntque
699 1126 804 1153 suas
829 1112 1034 1154 Humber
1056 1120 1098 1154 et
1124 1114 1240 1155 Ister
1261 1129 1426 1168 aquas:

279 1182 439 1235 Quam,
466 1179 822 1222 Buchananaeas
845 1181 918 1235 qui
942 1182 1047 1223 ficto
1069 1182 1253 1225 crimine
1278 1184 1435 1226 Musas

336 1249 503 1298 Laesit,
529 1250 787 1304 Apollineae
811 1250 975 1293 sentiat
999 1251 1108 1293 artis
1130 1267 1276 1307 opem.

280 1319 366 1362 Hic
389 1320 510 1361 furor
531 1327 574 1362 et
599 1320 764 1362 Marsis
786 1328 916 1363 natas
939 1321 983 1362 in
1008 1322 1236 1364 montibus
1259 1323 1420 1366 herbas

337 1389 530 1444 Spernit,
556 1397 598 1432 et
621 1390 860 1446 Anticyrae
883 1391 1088 1445 gramina
1110 1392 1225 1434 lecta
1248 1392 1379 1447 iugis.

281 1460 382 1500 Non
404 1459 529 1501 illum
554 1473 717 1509 carcer,
742 1473 830 1501 non
858 1467 1037 1502 centum
1060 1461 1220 1510 vincla,
1245 1476 1325 1504 nec
1349 1463 1507 1512 undae,

330 1531 423 1571 Nec
445 1529 600 1584 flagra,
625 1543 705 1571 nec
727 1530 907 1579 ferrum,
932 1530 1115 1572 flamma
1138 1545 1218 1573 nec
1241 1531 1339 1586 ipsa
1361 1533 1526 1574 domet.

280 1599 425 1648 Victa,
451 1600 567 1653 quod
589 1613 838 1654 oppugnas,
863 1599 977 1641 cedit
1002 1600 1221 1642 medicina
1243 1615 1438 1651 venen03

339 1669 399 1710 Et
424 1668 569 1710 minor
590 1675 658 1710 est
681 1668 827 1710 omnis
850 1668 1110 1711 carnificina
1132 1670 1265 1712 malo.

283 1739 375 1781 Nec
399 1738 519 1780 iuvet
545 1739 738 1781 Huberti
760 1739 877 1781 votis
899 1740 1144 1782 obtundere
1167 1754 1358 1790 numen;

341 1808 428 1850 Hei
452 1807 575 1858 mihi,
601 1822 719 1851 nunc
742 1822 831 1850 non
854 1816 920 1850 est
944 1808 1031 1858 ille,
1057 1810 1173 1863 quod
1197 1817 1301 1852 ante
1323 1810 1420 1852 fuit.

284 1879 541 1920 Morborum
565 1877 785 1932 expultrix
808 1877 941 1920 cessit
965 1878 1080 1920 stola
1103 1893 1231 1921 sacra
1256 1879 1467 1929 Batavis;

340 1949 567 1990 Barbarus
590 1948 672 1990 hoc
695 1947 864 2002 pridem
888 1948 1084 2003 tegmine
1108 1949 1236 1991 miles
1258 1957 1376 1992 ovat.

285 2018 385 2059 Hac
408 2017 543 2059 miser
564 2025 717 2072 erepta
739 2032 857 2059 nunc
881 2025 1048 2059 moeret
1072 2017 1243 2060 inutilis
1265 2018 1374 2068 orbi,

341 2089 401 2130 Et
425 2095 589 2143 stupet,
614 2088 714 2138 heu,
740 2087 893 2143 stipes,
919 2087 992 2142 qui
1017 2088 1100 2130 fuit
1123 2096 1227 2130 ante
1257 2090 1395 2131 Deus.

284 2159 370 2200 Sed
393 2172 534 2212 neque
558 2157 847 2212 quantumvis
869 2158 980 2199 foret
1003 2157 1175 2200 illibata
1198 2166 1398 2214 potestas

341 2227 566 2277 Numinis,
591 2227 706 2269 hanc
730 2242 882 2283 speres
904 2227 1067 2282 pellere
1090 2243 1221 2283 posse
1243 2229 1377 2270 luem,

286 2298 476 2346 Rudere,
501 2296 709 2352 quicquid
732 2312 854 2352 agas,
879 2311 1107 2352 nunquam
1132 2297 1327 2340 dediscet
1351 2298 1530 2347 aselluS,

342 2368 442 2408 Non
466 2367 628 2409 latrare
652 2366 790 2416 canis,
816 2381 902 2408 non
927 2367 1098 2408 ululare
1120 2367 1267 2421 lupus.

286 2436 452 2479 Insevit
476 2444 638 2478 natura
661 2437 794 2486 luem,
819 2451 952 2491 quam
977 2436 1231 2479 exscindere
1254 2444 1424 2486 tentas;

343 2506 448 2549 Sola
470 2506 588 2549 dedit
612 2506 751 2561 pestis
774 2506 959 2556 semina,
985 2507 1080 2549 sola
1103 2521 1177 2549 rea
1199 2514 1281 2548 est.

285 2576 331 2619 Si
355 2591 443 2631 qua
465 2577 574 2618 fides
597 2576 752 2626 stellis,
778 2576 944 2631 prolem
970 2575 1158 2618 infecere
1181 2582 1403 2630 parentes,

346 2645 583 2700 Primaque
606 2646 680 2687 lux
701 2645 834 2695 vitae,
859 2645 1003 2700 prima
1024 2645 1185 2687 furoris
1207 2652 1317 2687 erat.

250 2806 278 2829 2.
308 2797 464 2828 Laterem
481 2796 603 2836 lavas]
649 2795 814 2828 Classical
832 2796 974 2837 proverb
992 2795 1025 2826 in
1044 2795 1197 2828 Terence
1215 2796 1263 2827 for
1284 2797 1302 2812 ‘⁴
1315 2795 1434 2827 labour
1452 2795 1484 2825 in
1502 2794 1578 2826 vain
1592 2795 1623 2826 ”.

246 2862 275 2892 7.
305 2851 456 2891 Marsis.]
500 2851 575 2882 The
593 2851 697 2882 Marsi
715 2851 783 2882 had
800 2851 857 2882 the
874 2850 1033 2882 creditos
1045 2850 1148 2892 being
1166 2850 1460 2881 snake-charmers
1478 2849 1604 2890 (Pliny,
1627 2850 1670 2880 N.
1691 2849 1762 2887 H.).

231 2916 277 2939 12.
308 2906 542 2946 Carnificina.]
586 2906 616 2937 A
629 2906 710 2948 joke
727 2912 761 2938 at
778 2906 830 2937 his
847 2916 925 2937 own
942 2905 1092 2947 surgical
1109 2905 1308 2946 profession.
1361 2906 1425 2936 See
1443 2905 1515 2936 also
1533 2904 1553 2937 1.
1576 2906 1648 2937 218.
1674 2900 1677 2901 ⁷

232 2972 280 3001 15.
309 2961 406 2993 Stola
422 2962 544 3000 sacra.]
592 2962 655 2992 See
672 2961 828 3002 previous
846 2971 956 3002 poem,
976 2961 1043 2991 No.
1063 2961 1133 2997 IV.‚
1152 2960 1220 2991 line
1237 2960 1295 2991 Sth
1313 2961 1398 2991 srom
1415 2958 1490 2991 end.

1006 3018 1032 3046 E

1862 1547 1913 1575 10

1864 2242 1917 2270 20
