2594 3749
378 324 442 357 TO
473 324 809 357 CHANCELLOR
844 325 945 356 HAY
977 325 1193 357 AGAINST
1226 326 1547 358 MISCREANTS.

296 441 434 492 Talis,
458 441 503 483 in
525 441 749 484 Aeaciden
772 455 874 484 cum
898 441 999 491 ruit,
1030 442 1200 484 Hector
1222 449 1331 484 erat.

239 513 296 553 Se
319 511 493 565 quoties
515 517 688 565 spectat
711 517 851 560 vates,
876 526 922 552 se
944 511 1071 560 ridet,
1096 518 1139 552 et
1162 512 1269 561 odit,

297 581 356 621 Et
379 580 522 629 timet,
546 586 604 629 et,
628 586 842 634 tanquam
867 594 1045 634 pressus
1068 581 1123 621 ab
1145 580 1288 630 hoste,
1312 580 1437 633 fugit.

240 649 299 690 Et
322 648 434 703 fugit
458 656 610 690 aerato
632 648 830 702 trepidus
851 649 904 689 de
927 655 1104 702 pectore
1130 649 1350 698 Phoebus,

297 719 525 773 Quotquot
549 724 591 758 et
614 717 784 758 Aonius
806 717 991 759 numina
1013 717 1137 758 collis
1159 717 1308 759 habet.

239 787 409 828 Forsan
432 786 476 827 in
499 786 608 828 haec
632 785 808 828 dubites
832 785 930 839 quis
953 800 1024 827 me
1046 786 1262 828 miracula
1285 801 1430 828 rerum

295 855 503 905 Verterit‚
528 862 570 897 et
594 870 680 909 qua
703 854 787 896 sim
810 854 958 897 laesus
981 856 1036 897 ab
1059 862 1153 897 arte
1175 869 1317 909 roges.

238 924 340 966 Non
365 924 554 980 Mycale,
579 938 667 965 non
692 938 762 966 me
785 930 886 966 trux
908 924 1162 966 excantavit
1188 924 1419 973 Erichtho,

295 994 442 1035 Docta
465 1007 545 1035 nec
568 1000 790 1035 astrorum
814 1000 985 1035 vertere
1010 993 1176 1047 Dipsas
1198 993 1295 1035 iter.

238 1063 331 1104 Nec
354 1076 466 1116 quae
492 1061 703 1104 Dulichio
726 1062 870 1104 socios
894 1062 1084 1104 mutavit
1110 1062 1278 1117 Ulyssi,

294 1132 387 1173 Nec
409 1131 515 1181 fera,
541 1145 653 1185 quae
676 1130 882 1173 iuvenem
906 1132 959 1173 de
982 1145 1086 1173 sene
1109 1131 1224 1181 fecit,
1247 1146 1374 1173 anus.

237 1201 289 1242 In
311 1215 426 1243 nova
451 1201 792 1256 Brontotyphus
814 1215 885 1242 me
907 1200 1038 1242 vertit
1061 1208 1275 1251 monstra,
1302 1201 1466 1242 Poetae

295 1269 375 1312 Ille
397 1269 515 1312 latus
536 1270 649 1312 ferro
672 1269 823 1320 cinxit,
849 1277 891 1312 et
915 1285 1016 1312 aere
1039 1277 1188 1324 caput.

237 1340 468 1382 Montibus
490 1339 534 1380 in
558 1339 716 1382 mediis
738 1341 898 1381 domus
921 1346 987 1382 est
1011 1340 1135 1390 mihi,
1160 1354 1301 1394 paene
1323 1340 1404 1381 sub
1429 1340 1576 1387 Arcto,

295 1410 437 1451 Parva
461 1409 653 1463 quidem,
677 1408 858 1451 domino
882 1411 957 1451 sed
980 1409 1090 1451 satis
1113 1408 1261 1463 ampla
1286 1423 1380 1450 suo.

236 1479 319 1520 Est
341 1493 446 1533 ager
467 1478 667 1533 exiguus,
692 1478 809 1520 solas
835 1478 908 1533 qui
930 1478 1073 1520 fundit
1096 1493 1275 1530 avenas,

291 1548 496 1602 Aptaque
518 1548 716 1602 lanigero
737 1548 820 1590 fert
843 1548 1056 1590 alimenta
1082 1548 1229 1603 gregi:

237 1616 323 1658 Hic
347 1616 474 1672 posui
497 1616 660 1671 fixique
682 1616 847 1659 larem:
882 1624 983 1672 post
1008 1617 1126 1659 mille
1149 1617 1336 1666 labores,

292 1687 404 1741 Spes
427 1693 520 1728 erat
544 1686 615 1728 hie
639 1685 760 1728 molli
784 1701 914 1740 posse
937 1686 1084 1741 quiete
1107 1687 1205 1728 frui.

235 1756 346 1810 Spes
369 1762 462 1798 erat
486 1762 529 1797 et
552 1755 723 1810 patriae
745 1755 912 1805 laudes,
936 1755 980 1797 in
1003 1770 1110 1810 rupe
1133 1762 1318 1805 remota,

293 1826 507 1880 Pangere,
533 1824 863 1880 Grampigenas
885 1832 927 1867 et
951 1825 1171 1867 celebrare
1193 1826 1343 1867 duces.

234 1896 357 1936 Inter
378 1901 421 1936 et
445 1895 542 1945 hos,
567 1894 763 1949 palmam
787 1894 969 1948 reliquis
992 1894 1066 1948 qui
1090 1895 1315 1949 praeripit,
1342 1895 1540 1948 Hayum,

289 1965 529 2006 Auctorem
552 1963 728 2018 generis
749 1963 1107 2018 principiumque
1129 1964 1209 2005 tui.

233 2035 377 2076 Aucta
400 2033 509 2075 mihi
533 2048 636 2089 spes
659 2039 741 2084 est,
767 2033 948 2076 domino
971 2035 1086 2088 quod
1110 2048 1211 2087 rege
1234 2033 1424 2083 fruebar,

291 2104 351 2144 Et
374 2104 490 2157 quod
514 2117 616 2158 pars
639 2102 768 2145 aulae
790 2102 1185 2157 quantulacunque
1208 2102 1284 2144 fui.

233 2173 319 2214 Sed
341 2179 475 2227 caput
500 2171 693 2214 invisum
718 2172 902 2227 Superis
925 2172 1182 2227 patriaeque
1205 2171 1399 2225 suisque,

290 2242 348 2282 Et
372 2241 496 2291 mihi,
521 2241 878 2297 Brontotyphus,
902 2256 1027 2296 spem
1050 2247 1171 2283 vetat
1195 2255 1291 2282 esse
1313 2247 1473 2282 ratam.

234 2310 449 2365 Pauperis
471 2310 541 2352 hic
565 2310 714 2365 tuguri
737 2311 901 2365 praedo
924 2310 1032 2352 mihi
1056 2317 1176 2352 tecta
1198 2310 1424 2364 laremque

289 2379 498 2429 Abstulit,
521 2386 565 2421 et
586 2394 726 2435 gazae
748 2379 957 2434 quicquid
980 2379 1168 2434 agrestis
1191 2386 1299 2421 erat.

232 2447 381 2491 Crevit
405 2463 530 2490 amor
552 2450 767 2503 praedae;
802 2463 873 2491 me
899 2448 1103 2491 dulcibus
1125 2448 1245 2490 exuit
1268 2447 1399 2498 arvis,

291 2519 527 2572 Raptaque
550 2517 740 2572 captivis
762 2518 942 2573 praedia
964 2519 1106 2560 bobus
1128 2523 1239 2560 arat.

233 2587 328 2629 Nec
350 2589 510 2630 modus
531 2594 597 2630 est
620 2587 811 2637 sceleris,
833 2587 979 2642 coepti
1001 2602 1082 2629 nee
1107 2594 1224 2629 meta
1245 2585 1418 2636 furoris,

290 2657 466 2699 Funera
489 2671 606 2699 nunc
629 2656 796 2700 domini
820 2656 974 2711 spirat,
998 2663 1041 2699 et
1064 2671 1188 2698 arma
1211 2655 1370 2710 quatit.

173 2824 225 2855 33.
251 2816 438 2858 Dulichi0.]
484 2817 591 2857 Circe,
612 2817 670 2849 the
687 2827 866 2850 sorcereSS.

172 2879 222 2910 34.
249 2871 334 2902 Fera
350 2872 463 2912 anus.]
510 2872 643 2911 Medea,
660 2872 930 2913 experimenting
946 2881 990 2903 on
1015 2871 1071 2903 old
1089 2871 1214 2902 Aeson.

172 2934 224 2966 45.
250 2926 418 2967 Hayum.]
463 2926 537 2958 The
552 2928 632 2968 Hay
645 2927 748 2959 ofthe
759 2927 881 2969 legend
894 2927 933 2958 of
941 2926 998 2958 the
1013 2930 1032 2943 “
1048 2926 1139 2967 Leys
1153 2926 1191 2957 os
1201 2926 1374 2966 Luncarty
1386 2925 1418 2954 ''.
1466 2923 1544 2965 (See
1560 2924 1590 2954 II

1813 868 1866 907 30

1811 1558 1864 1598 40

1809 2250 1862 2292 50

1597 2947 1616 2961 .,
1631 2924 1696 2955 No.
1714 2923 1857 2964 LVIII.)
