2594 3749
644 312 725 344 HIS
757 312 980 345 LAWSUIT
1011 313 1075 344 AT
1109 313 1344 346 MALINES.

267 431 357 472 Res
380 429 489 472 mihi
513 444 613 472 cum
640 429 782 480 Rufo;
815 444 886 472 res
907 436 975 472 est
998 444 1100 473 cum
1125 429 1281 481 milite,
1306 430 1425 473 rixas

321 498 409 555 Qui
430 499 564 550 ferus,
588 505 631 542 et
654 498 770 550 lites,
795 500 872 542 sed
894 498 990 541 sine
1012 499 1115 550 fine,
1139 505 1303 542 movet.

266 569 393 611 Haec
416 568 535 610 mala
558 567 594 610 si
618 574 805 623 spectet,
828 568 1059 611 damnabit
1083 569 1208 610 Naso
1230 568 1417 618 libellos,

322 638 381 679 Et
404 638 520 691 quod
543 638 596 680 de
619 636 779 681 Getico
801 637 951 680 littore
973 636 1096 679 misit
1119 651 1245 692 opus.

264 707 391 762 Quae
413 705 516 748 tulit
539 706 583 748 in
609 707 768 757 Ponto,
791 705 971 750 fastidia
993 720 1130 761 parva
1152 705 1345 757 vocabit,

324 775 455 818 Dicet
478 781 521 818 et
545 775 726 818 exilium
750 776 848 819 lene
870 775 1007 818 fuisse
1031 791 1178 818 suum.

263 846 377 900 Spes
400 851 509 895 erat,
533 844 751 895 Antistes,
774 844 814 886 T
818 844 983 887 hemidi
1007 844 1081 899 qui
1105 859 1232 887 sacra
1255 843 1499 895 ministras,

324 912 411 955 His
434 913 634 964 eluctari,
658 920 702 956 te
725 915 851 964 duce,
874 928 1008 969 posse
1031 913 1178 956 malis.

264 984 351 1025 Sed
374 997 490 1025 nova
513 997 584 1025 me
606 997 760 1025 rursus
785 989 1033 1038 tempestas
1059 983 1213 1034 iactat,
1237 989 1280 1025 et
1307 982 1439 1026 undis

323 1053 413 1094 Dat
436 1052 555 1094 latus
578 1051 736 1094 insano
759 1051 876 1094 victa
904 1052 1054 1094 labore
1081 1052 1205 1094 ratis.

263 1119 328 1162 Te
350 1127 502 1162 tamen
526 1136 548 1162 e
572 1120 730 1163 mediis
753 1122 858 1163 dum
882 1128 1034 1176 specto
1057 1121 1282 1171 fluctibus,
1308 1127 1350 1163 et
1374 1135 1501 1163 mens

322 1191 381 1232 Et
406 1205 507 1245 spes
530 1191 696 1242 auxilii,
721 1206 836 1246 quae
859 1191 940 1233 fuit
963 1198 1081 1241 ante,
1106 1191 1234 1233 redit.

265 1261 434 1303 Dexter
455 1262 575 1311 ades,
600 1261 775 1304 Clariae
798 1262 933 1303 decus
956 1268 997 1303 et
1021 1261 1162 1303 tutela
1186 1260 1396 1311 cohortis,

324 1330 475 1372 Huius
497 1345 600 1384 pars
623 1344 704 1385 ego
727 1345 825 1373 sum
854 1331 1249 1385 quantulacunque
1275 1329 1436 1385 gregis.

265 1400 432 1441 Sancta
454 1399 673 1442 laboranti
696 1415 766 1442 res
788 1406 854 1442 est
879 1414 1134 1442 succurrere
1157 1399 1264 1450 vati,

322 1470 382 1510 Et
406 1484 507 1511 curn
531 1475 658 1524 patre
680 1484 839 1512 novem
862 1469 974 1511 ferre
996 1470 1165 1511 deabus
1187 1484 1332 1524 opem.

265 1538 471 1594 Quinque
494 1539 562 1581 bis
584 1539 628 1581 in
651 1539 775 1582 caelo
801 1539 997 1594 Delphin
1021 1539 1121 1593 pius
1144 1539 1335 1593 explicat
1359 1538 1501 1593 ignes,

324 1610 451 1651 Haec
475 1624 553 1664 pro
577 1616 754 1652 servato
778 1609 975 1664 praemia
998 1616 1100 1651 vate
1123 1609 1240 1651 tulit.

266 1679 391 1734 Quae
414 1679 517 1721 tulit
541 1679 627 1729 hic,
652 1679 687 1720 si
710 1679 792 1729 fas,
817 1685 922 1733 opto
945 1678 1025 1720 tibi
1049 1678 1193 1720 sidera
1216 1692 1328 1728 sero,

322 1747 392 1790 Tu
414 1755 567 1791 tamen
590 1748 754 1791 auxilio
785 1763 854 1790 rne
882 1748 985 1798 cito,
1012 1747 1122 1798 Fife,
1146 1747 1263 1790 iuva.

253 1919 306 1949 43.
333 1909 509 1952 Delphin]
555 1910 636 1941 Five
652 1909 761 1951 larger
779 1914 866 1942 stars
883 1908 950 1941 and
967 1908 1032 1940 five
1048 1908 1184 1940 smaller
1202 1917 1326 1950 appear
1343 1907 1377 1939 in
1394 1907 1463 1939 this
1480 1906 1737 1939 constellation.

1814 320 1893 360 117

1843 653 1897 692 30

1844 1343 1898 1384 40
