2594 3749
635 331 688 361 20
1416 324 1653 356 PARERGA.

810 444 882 486 Nil
907 445 1013 486 tuba
1038 442 1317 492 Maeonidae,
1341 441 1402 483 nil
1426 440 1575 495 magni
1601 441 1733 483 Musa
1758 439 1956 482 Maronis

870 514 1007 554 Furta
1034 513 1179 554 Deum
1204 518 1378 566 praeter
1400 517 1567 560 cantat,
1591 517 1633 552 et
1657 524 1781 552 arma
1803 509 1957 551 virum.
2380 508 2434 550 60

815 581 1008 635 Inspirat
1033 581 1187 622 melior
1211 579 1475 622 Buchanani
1499 586 1679 634 pectora
1703 578 1926 627 Phoebus,

871 651 929 691 Et
953 649 1057 692 facit
1083 656 1128 691 ut
1153 663 1261 703 puro
1284 655 1462 690 nectare
1485 662 1598 690 vena
1620 647 1744 690 fluat.

815 720 894 760 Ille
919 719 1002 760 Dei
1027 727 1207 760 aeterno
1231 718 1485 760 modulatur
1507 717 1703 759 carmine
1730 716 1899 766 laudes,

867 789 1004 842 Aptat
1028 794 1070 829 et
1097 788 1330 829 Hebraeae
1353 787 1522 840 plectra
1547 785 1710 828 Latina
1734 785 1867 841 lyrae.

813 856 940 897 Eruit
965 871 986 897 e
1010 855 1203 898 tenebris
1226 856 1341 897 idem
1365 863 1441 897 tua
1465 861 1604 909 gesta,
1629 855 1881 908 Ducesque,

869 925 1006 980 Queis
1031 925 1228 975 Latium,
1253 924 1378 978 queis
1401 923 1460 965 nil
1487 923 1676 966 Graecia
1700 923 1845 964 maius
1867 922 2014 964 habet.

810 994 967 1047 Tuque
991 1008 1151 1048 parens
1175 993 1359 1047 patriae,
1384 992 1469 1033 nisi
1493 991 1752 1046 deliquisset
1777 991 1820 1032 in
1845 1005 1949 1041 uno,

870 1062 985 1117 Quid
1008 1063 1060 1103 de
1083 1068 1126 1103 te
1149 1068 1296 1103 vatem
1320 1075 1408 1102 non
1433 1059 1648 1102 meruisse
1671 1060 1837 1115 putas?

814 1130 980 1172 Imbuit
1005 1129 1076 1171 ille
1100 1129 1299 1171 animum
1324 1129 1495 1178 studiis,
1518 1135 1560 1171 et
1583 1128 1762 1183 regibus
1785 1128 1889 1170 olim

872 1199 997 1241 Invia
1024 1199 1245 1241 Pieridum
1270 1213 1345 1254 per
1367 1199 1468 1252 iuga
1492 1199 1602 1240 rexit
1625 1198 1720 1240 iter.
2385 1206 2441 1249 70

815 1267 963 1309 Finxit
987 1276 1028 1310 et
1053 1282 1101 1309 os
1123 1275 1326 1309 tenerum
1351 1283 1502 1322 puero,
1528 1282 1615 1322 quo
1637 1274 1817 1322 pectora
1840 1266 2024 1316 mulces,

873 1338 1082 1392 Quosque
1106 1337 1222 1390 regis
1245 1337 1449 1391 populos,
1474 1351 1562 1378 non
1586 1335 1695 1377 sinis
1717 1349 1815 1378 esse
1837 1335 1966 1377 feros.

816 1407 878 1448 Os
901 1406 1034 1456 dedit,
1060 1414 1102 1448 et
1126 1407 1282 1460 dignos
1305 1407 1511 1449 formavit
1543 1405 1740 1461 principe
1764 1419 1925 1455 mores,

877 1477 935 1517 Et
959 1475 1106 1517 docuit
1131 1490 1243 1529 quae
1266 1490 1344 1517 vos
1368 1490 1499 1530 saepe
1523 1476 1661 1517 latere
1684 1475 1843 1524 solent,

816 1543 931 1599 Quid
955 1558 1027 1585 rex
1051 1544 1237 1598 privato,
1263 1544 1367 1598 quid
1390 1544 1523 1586 distet
1547 1558 1648 1598 rege
1671 1551 1914 1599 tyrannus;

874 1614 989 1669 Quid
1014 1614 1204 1668 populus
1226 1614 1316 1668 regi
1340 1615 1513 1663 debeat,
1538 1613 1611 1656 ille
1642 1614 1750 1655 Deo.

820 1683 918 1724 Hoc
945 1684 1055 1724 duce
1078 1690 1125 1724 tu
1149 1683 1277 1724 felix:
1309 1689 1355 1724 ut
1379 1697 1454 1724 rex
1477 1682 1552 1732 sis,
1578 1681 1811 1736 sanguinis
1838 1687 2004 1730 auctor,

879 1752 940 1793 Ut
964 1766 1089 1805 reges
1113 1751 1227 1793 inter
1250 1752 1486 1802 maximus,
1511 1751 1584 1793 ille
1606 1751 1740 1793 dedit.

821 1819 906 1860 His
929 1827 1079 1861 tamen
1104 1821 1322 1862 obtrectat
1347 1820 1518 1862 meritis
1541 1820 1729 1862 latrator
1750 1818 1937 1869 Anubis,

881 1888 1108 1942 Mixtaque
1132 1888 1307 1943 vipereo
1328 1889 1428 1931 felle
1451 1903 1622 1930 venena
1644 1888 1797 1930 vomit.
2394 1885 2449 1926 80
2473 1916 2475 1918 -

823 1958 906 1999 Est
930 1958 1049 1999 furor
1071 1958 1141 1999 hic
1164 1965 1325 2008 certus,
1351 1965 1454 2000 sunt
1478 1957 1585 2000 certi
1609 1957 1736 2012 signa
1763 1956 1948 1999 furoris:

881 2025 991 2080 Quis
1014 2026 1171 2067 referat
1195 2026 1309 2067 tanti
1333 2041 1447 2079 quae
1470 2025 1526 2068 sit
1549 2025 1672 2079 origo
1695 2025 1800 2067 mali
1819 2026 1835 2067 ?

822 2095 888 2134 An
914 2093 1075 2148 quibus
1099 2102 1312 2144 armatur,
1337 2094 1544 2136 flammas
1571 2093 1732 2136 obiecit
1758 2092 1968 2148 Erinnys,

881 2165 939 2206 Et
963 2166 1078 2218 quod
1105 2166 1339 2217 Gorgoneo
1363 2164 1510 2206 sibilat
1535 2178 1680 2219 angue
1707 2164 1874 2218 caput?

822 2235 889 2275 An
915 2234 1084 2275 saniem
1109 2242 1318 2276 eructans
1340 2234 1489 2277 infecit
1518 2235 1718 2276 membra
1745 2247 1930 2283 veneno,

880 2303 1120 2345 Tartareas
1143 2311 1391 2345 monstrum
1416 2305 1531 2357 quod
1555 2304 1688 2345 cubat
1712 2310 1816 2345 ante
1842 2302 1990 2344 fores?

826 2372 1033 2414 Forsitan
1057 2371 1286 2414 incautum
1312 2371 1431 2414 rabie
1454 2371 1578 2413 canis
1600 2378 1701 2414 acta
1724 2370 1977 2421 momordit,

883 2442 970 2482 Aut
993 2441 1097 2490 fera,
1123 2455 1234 2494 quae
1258 2441 1380 2482 molli
1405 2440 1596 2483 stamine
1617 2440 1734 2482 velat
1758 2454 1912 2494 aquaS.

767 2555 819 2594 65.
847 2554 923 2585 Tua
939 2556 1063 2594 gesta]
1108 2554 1192 2585 This
1217 2555 1319 2586 refers
1343 2560 1378 2586 to
1401 2555 1458 2586 the
1482 2554 1622 2595 History
1647 2553 1689 2596 of
1706 2553 1869 2585 Scotland
1892 2554 1936 2595 by
1961 2554 2159 2591 Buchanan‚
2183 2552 2250 2585 and
2277 2555 2333 2584 tua
2359 2552 2387 2584 is
2410 2552 2454 2593 by

654 2608 859 2649 apostrophe
877 2608 1057 2640 addressed
1076 2614 1111 2640 to
1130 2609 1256 2640 Scotia.

769 2665 819 2703 67.
851 2663 924 2693 Nisi
949 2662 1146 2704 deliquisset
1171 2663 1203 2694 in
1229 2665 1327 2703 uno.)
1383 2663 1468 2694 This
1493 2667 1590 2695 “one
1614 2662 1875 2704 delinquency'‘
1899 2669 1990 2694 must
2013 2662 2055 2694 be
2080 2661 2299 2694 Buchanan's
2315 2661 2456 2703 reputed
2483 2676 2491 2686 ·

656 2717 811 2758 injustice
829 2723 864 2748 to
881 2717 937 2748 the
955 2727 1106 2758 memory
1123 2718 1298 2758 ofJames'
1317 2718 1459 2757 mother,
1479 2718 1596 2759 Queen
1617 2718 1725 2758 Mary.

770 2780 822 2811 75.
850 2771 937 2812 Quid
955 2782 1010 2802 rex
1029 2771 1187 2811 privato]
1230 2771 1369 2802 Alludes
1382 2777 1417 2803 to
1433 2771 1652 2803 Buchanan's
1665 2771 1798 2802 famous
1812 2771 1949 2802 treatise
1962 2780 2006 2802 on
2021 2769 2290 2802 Constitutional
2305 2770 2455 2802 Govern—

657 2830 761 2861 ment,
779 2825 920 2856 entitled
936 2825 988 2855 Dc
1004 2825 1094 2867 Jurc
1110 2825 1228 2865 Regni,
1246 2826 1358 2858 which
1375 2826 1436 2857 has
1453 2825 1507 2857 led
1524 2832 1559 2858 to
1576 2825 1677 2857 much
1694 2831 1854 2857 outcome
1871 2825 1904 2856 in
1921 2825 1979 2857 the
1996 2823 2145 2866 politica!
2163 2823 2279 2856 world.

773 2879 823 2911 86.
854 2879 1047 2910 Monstrum
1065 2879 1155 2921 quod
1172 2880 1303 2920 cubat.]
1349 2880 1526 2912 Cerberus.

773 2934 823 2965 88.
853 2933 937 2964 Fera
954 2943 1040 2974 quae
1057 2934 1150 2965 molli
1169 2934 1342 2975 stamine]
1387 2934 1461 2966 The
1478 2941 1629 2976 ettereop
1646 2945 1683 2966 or
1701 2938 1720 2952 ‘⁴
1732 2943 1920 2966 venomous
1936 2933 2047 2975 spider
2061 2934 2091 2964 ”.
