2594 3749
694 291 774 332 104
1472 287 1712 320 PARERGA.

919 404 1093 459 Exiget,
1118 412 1160 447 et
1184 405 1220 446 si
1245 419 1358 460 quae
1381 404 1565 447 numina
1588 411 1752 459 pontus
1774 405 1924 448 habet.

859 473 1046 516 Talibus
1068 475 1254 528 urgebat
1278 476 1551 529 praedonum
1577 481 1756 529 pectora
1778 481 1920 525 vates,

919 544 1005 585 Sed
1030 544 1208 599 rapiunt
1232 544 1411 595 celeres,
1435 559 1536 587 cum
1560 550 1669 594 rate,
1693 545 1828 586 verba
1852 543 1974 585 Noti.

859 612 1077 655 Cautibus
1100 614 1347 669 aequoreis,
1371 628 1494 668 gens,
1519 628 1631 667 quas
1654 619 1776 655 secat
1799 612 2004 667 aequoris
2026 613 2157 655 undis

917 682 1099 724 Surdior
1120 683 1264 725 oranti
1287 683 1466 737 vimque
1489 697 1734 737 necemque
1757 688 1900 736 parat.

860 749 939 791 Ille
962 751 1072 792 mori
1095 758 1257 802 certus,
1284 753 1474 794 Mortem
1498 765 1586 793 non
1609 752 1833 805 deprecor,
1857 750 2015 804 inquit,

918 819 1131 869 Ulterius,
1155 835 1235 862 nec
1259 821 1375 875 quod
1399 835 1502 861 mox
1524 826 1646 874 tegat
1669 834 1787 870 ossa,
1810 819 1988 861 fretum.
2408 834 2488 863 100

857 889 983 943 Quae
1007 889 1296 931 moribundus
1319 889 1412 931 olor
1434 888 1606 943 quaerit
1630 888 1805 938 solatia,
1831 903 1994 930 munus

914 958 1178 1000 Extremum
1202 959 1285 1000 hoc
1307 965 1447 1008 vateS,
1472 972 1549 1012 per
1571 957 1706 999 maris
1729 963 1865 1007 astra,
1890 964 2006 1011 peto.

855 1027 971 1068 Ante
993 1027 1095 1069 feris
1118 1042 1251 1081 quam
1276 1041 1451 1081 mergar
1473 1027 1615 1080 aquis,
1639 1027 1706 1068 fas
1730 1041 1905 1068 sumere
1928 1033 2116 1077 vestem,

913 1097 1002 1138 Fas
1024 1096 1131 1137 mihi
1156 1096 1212 1138 sit
1236 1103 1416 1150 sumpta
1438 1096 1648 1150 plangere
1669 1096 1762 1137 fata
1785 1095 1923 1150 chely.

854 1165 1022 1206 Annuit
1045 1165 1190 1207 oranti
1212 1166 1303 1207 fera
1327 1179 1461 1219 gens:
1495 1171 1754 1218 vestemque
1782 1164 2012 1219 lyramque

912 1234 1072 1284 Sumit,
1098 1241 1139 1276 et
1163 1234 1278 1276 hanc
1303 1234 1458 1276 timida
1481 1233 1669 1288 percutit
1694 1233 1766 1275 ille
1790 1247 1941 1274 manu.

855 1303 990 1345 Nulla
1014 1318 1136 1345 mora
1159 1310 1240 1353 est,
1265 1303 1494 1357 trepidans
1517 1302 1700 1357 puppim
1723 1316 1865 1356 genus
1887 1316 2018 1344 omne
2042 1309 2279 1345 natantum

911 1373 1075 1425 Cingit,
1101 1379 1142 1414 et
1167 1379 1338 1414 arrecta
1362 1372 1548 1426 suscipit
1573 1386 1678 1413 aure
1702 1386 1850 1413 sonos.

855 1441 973 1482 Dum
999 1448 1146 1496 stupet
1169 1448 1268 1483 atra
1291 1441 1464 1491 cohors,
1489 1447 1536 1483 ut
1561 1447 1656 1482 erat
1679 1440 1882 1490 vestitus,
1908 1440 2044 1482 Arion

912 1510 1071 1552 Desilit
1094 1510 1137 1551 in
1161 1516 1363 1565 pontum,
1388 1510 1556 1564 plectra
1579 1509 1810 1564 lyramque
1831 1516 2004 1551 tenens.
2403 1524 2483 1553 110

853 1578 1029 1632 Excipit
1053 1579 1170 1620 hunc
1195 1578 1407 1633 Delphin,
1433 1585 1475 1620 et
1497 1585 1626 1620 vasta
1649 1592 1726 1632 per
1748 1592 1941 1632 aequora
1963 1584 2142 1620 vectum

910 1649 1069 1689 Fertur
1090 1648 1133 1689 in
1157 1654 1311 1702 optato
1333 1647 1592 1702 deposuisse
1621 1647 1730 1688 solo.

852 1716 953 1766 Hic,
977 1723 1072 1759 rate
1095 1718 1341 1767 submersa,
1365 1717 1489 1759 caelo
1513 1716 1625 1758 nitet
1649 1730 1825 1766 aureus,
1850 1715 1975 1769 ignes

907 1786 1128 1828 Vecturae
1152 1785 1342 1840 pretium
1366 1785 1514 1828 iussus
1536 1785 1700 1828 habere
1728 1799 1902 1826 novem.

850 1856 935 1896 Sed
959 1854 1063 1908 quid
1087 1869 1167 1908 ego
1190 1861 1388 1896 veterum
1411 1854 1566 1903 fastos,
1591 1854 1695 1908 quid
1719 1854 1864 1908 prisca
1887 1855 2050 1896 reduco

907 1923 1139 1965 Crimina?
1173 1923 1260 1965 iam
1285 1937 1453 1978 poenas
1476 1923 1551 1965 illa
1574 1923 1694 1964 luere
1717 1937 1836 1964 suas,

851 1993 924 2034 Me
947 2007 1060 2035 nova
1084 2007 1197 2034 noxa
1221 1999 1383 2043 movet,
1407 2006 1541 2046 quam
1566 2006 1621 2033 ne
1644 1991 1830 2046 patiaris
1853 1991 2061 2042 inultam,

909 2063 1052 2117 Haye,
1078 2063 1379 2104 Camenarum
1402 2068 1445 2103 te
1470 2061 1541 2115 pia
1563 2062 1694 2103 turba
1718 2067 1859 2113 rogat.

848 2131 885 2172 O
910 2130 1082 2172 utinam
1107 2137 1184 2172 aut
1208 2144 1381 2172 mecum
1407 2144 1494 2171 non
1518 2129 1588 2171 hie
1612 2131 1898 2171 contenderet
1922 2130 2077 2179 hostis,

905 2200 992 2240 Aut
1015 2213 1096 2253 ego
1120 2213 1221 2253 pars
1246 2198 1395 2241 Clario
1416 2199 1469 2240 de
1491 2213 1624 2252 grege
1647 2198 1769 2239 nulla
1793 2198 1945 2239 forem.
2398 2212 2476 2241 120

848 2269 931 2309 Est
954 2269 1108 2322 pudor,
1132 2268 1204 2317 ah,
1230 2267 1394 2322 populo
1417 2273 1565 2309 vatem
1589 2273 1758 2308 certare
1781 2266 1967 2316 marino,

905 2338 1045 2391 Inque
1067 2344 1144 2378 tuo
1167 2336 1308 2378 audiri
1332 2336 1512 2378 nautica
1535 2337 1668 2378 verba
1691 2336 1798 2377 foro.

847 2407 898 2447 In
922 2407 1129 2460 laqueum
1154 2405 1302 2460 potius
1330 2404 1498 2446 meritis
1521 2405 1698 2447 deberet
1722 2404 1899 2455 iambis,

904 2475 1027 2516 More
1053 2475 1320 2529 Lycambeo,
1346 2473 1419 2528 qui
1443 2479 1587 2522 nocet,
1612 2473 1754 2514 hostis
1781 2472 1867 2527 agi.

846 2544 945 2584 Hoc
968 2557 1142 2597 quoque
1165 2541 1383 2592 fecissem,
1409 2542 1484 2583 sed
1508 2555 1621 2595 quae
1640 2541 1807 2583 laesere
1832 2542 2104 2595 Lycamben,

902 2613 986 2662 Ah,
1011 2618 1237 2666 nequeunt
1262 2610 1379 2652 hosti
1403 2611 1493 2653 tela
1516 2624 1674 2652 nocere
1698 2624 1810 2652 me0.

845 2682 1036 2734 Legerat
1060 2680 1130 2722 hic
1153 2694 1332 2722 carmen
1356 2679 1504 2733 generi
1528 2679 1719 2728 crudele,
1744 2679 1966 2733 miserque

903 2751 954 2791 In
977 2749 1202 2804 laqueum,
1227 2749 1342 2791 lecto
1365 2748 1573 2796 carmine,
1595 2748 1709 2790 colla
1732 2748 1866 2790 dedit.

844 2819 967 2860 Gens
989 2818 1134 2871 legere
1156 2818 1266 2860 haec
1289 2817 1446 2867 nescit,
1470 2831 1550 2859 nec
1573 2816 1688 2859 lecto
1711 2816 1909 2858 carmine
1931 2817 2055 2871 tangi

904 2889 1039 2930 Posse
1062 2893 1169 2943 puto
1192 2887 1273 2929 hos
1296 2886 1456 2937 silices,
1480 2892 1522 2928 et
1546 2886 1640 2928 sine
1664 2892 1813 2927 mente
1839 2900 1987 2940 pecus.
2392 2900 2472 2940 130
