2594 3749
707 325 969 357 BOHEMIAN
1004 326 1273 359 STRUGGLE.

258 441 349 484 Cur
371 440 474 482 here
496 454 630 495 quam
653 440 775 491 finxi,
799 455 917 484 nunc
940 441 1063 484 audit
1086 456 1267 492 numen,
1292 440 1473 496 imago?

315 509 406 551 Cur
426 508 546 564 operi
569 523 702 563 cogor
723 516 823 552 tura
846 509 974 552 litare
997 511 1128 552 meo?

260 576 396 619 Basia
419 591 694 620 marmoreae
715 577 854 620 fertur
875 578 1038 620 libasse
1061 579 1236 633 puellae

317 645 597 700 Pygmalion,
620 645 765 701 operis
788 653 947 701 captus
970 661 1120 689 amore
1142 646 1226 689 sui.

260 714 370 755 Fors
391 712 567 756 veniam
591 714 790 770 sculptor
811 714 986 765 meruit,
1011 715 1209 770 spirabat
1233 715 1382 770 imago

318 782 481 824 Nescio
503 782 607 837 quid
629 782 794 833 vivum,
819 789 861 825 et
884 783 1067 838 virginis
1089 798 1166 826 ora
1188 784 1348 826 ferens.

260 851 346 893 Sed
370 865 482 905 quae
505 853 704 894 membra
729 853 826 894 Deo
849 852 1023 907 finges?
1058 867 1144 907 quo
1168 867 1387 896 marmore
1411 860 1606 896 mentem

318 919 553 974 Exprimat
577 921 680 962 ars?
714 921 867 963 oculos
889 921 965 964 illa
988 936 1261 976 manumque
1283 921 1405 977 fugit.

262 989 389 1030 Haec
412 1003 518 1043 ego:
553 990 630 1032 sed
652 989 798 1045 pelagi
821 989 922 1032 irati
945 997 994 1032 tu
1017 990 1191 1032 surdior
1213 990 1358 1042 undis,

318 1057 512 1107 Surdior,
538 1057 623 1100 heu
647 1058 781 1108 saxis,
806 1073 919 1113 quae
940 1060 1199 1109 venerabar,
1224 1074 1338 1102 eras.

260 1126 404 1168 Aucta
426 1125 684 1181 superstitio
706 1134 772 1169 est
790 1143 798 1168 :
833 1142 856 1169 e
877 1127 992 1170 farre
1014 1134 1057 1170 et
1080 1128 1244 1170 furfure
1267 1142 1433 1171 numen

319 1193 538 1245 Vidimus,
562 1201 604 1236 et
628 1202 805 1237 coctum
827 1195 1197 1251 furnigenamque
1221 1197 1384 1239 Deum.

264 1263 363 1305 Hoc
386 1278 464 1318 pro
488 1263 691 1306 Palladio
713 1272 913 1307 crustum
937 1265 1062 1320 plebs
1084 1266 1223 1308 stulta
1246 1266 1446 1315 colebat;

320 1332 530 1375 Sanctius
553 1333 635 1375 hoc
659 1334 832 1376 nullum
856 1334 1039 1376 numine
1062 1349 1228 1377 numen
1252 1342 1361 1377 erat.

263 1400 382 1442 Huic
405 1401 579 1455 quoties
602 1417 700 1444 sum
723 1402 845 1445 iussa
868 1417 984 1457 genu
1008 1403 1303 1446 submittere?
1338 1403 1459 1446 iussa

322 1470 537 1512 Furfureo
561 1470 735 1524 quoties
758 1486 944 1514 munera
966 1472 1078 1514 ferre
1104 1473 1234 1514 Deo?

265 1538 503 1594 Obstupui,
526 1539 728 1594 fugitque
752 1540 861 1582 mihi
883 1542 936 1583 de
959 1547 1137 1596 pectore
1159 1547 1342 1595 pectus:

322 1608 458 1649 Haud
481 1607 624 1658 aliter,
649 1613 784 1663 quam
808 1609 843 1651 si
867 1609 962 1652 visa
988 1610 1176 1651 Medusa
1198 1610 1324 1652 foret.

265 1678 392 1718 Haec
415 1677 491 1719 illa
514 1684 580 1720 est
603 1677 761 1733 pietas,
787 1678 1034 1729 Saravicto‚
1059 1679 1170 1721 haec
1198 1679 1384 1722 numina
1412 1680 1549 1730 laesa,

324 1746 450 1787 Haec
473 1761 615 1796 sacra,
640 1761 754 1801 quae
777 1747 933 1797 iactas,
958 1748 1217 1802 relligioque
1240 1755 1433 1803 patrum.

266 1815 365 1856 Hoc
388 1829 470 1869 ego
492 1830 606 1865 sum,
630 1816 785 1866 fateor,
810 1818 1035 1871 quondam
1059 1818 1241 1859 detenta
1263 1818 1434 1867 furore;

323 1884 381 1925 Et
404 1883 486 1926 fuit
509 1885 581 1934 ah,
606 1884 739 1926 nimis
762 1885 835 1936 ah,
860 1900 986 1928 mens
1010 1885 1118 1927 mihi
1142 1893 1274 1941 capta
1297 1886 1388 1928 diu.

265 1953 351 1995 Sed
375 1952 503 1995 rediit
526 1953 696 2008 pridem
720 1954 860 2009 pulsis
883 1969 1009 1996 mens
1032 1969 1142 1997 sana
1165 1955 1387 1998 tenebris:

322 2022 540 2076 Quodque
563 2022 684 2077 prius
707 2023 889 2078 placuit,
915 2023 1004 2066 iam
1027 2031 1150 2078 patet
1174 2039 1271 2066 esse
1298 2024 1437 2067 nefas.

267 2090 381 2131 Esse
404 2091 528 2132 nefas
551 2097 743 2142 constat,
768 2093 884 2146 quod
908 2093 1076 2142 adores,
1100 2093 1265 2147 fingere
1288 2107 1468 2142 numen,

322 2160 536 2213 Quaeque
562 2159 660 2201 Diis
683 2159 796 2202 libas
819 2160 951 2211 farra,
976 2167 1133 2215 putare
1158 2162 1293 2203 Deos.

268 2226 416 2269 Maius
439 2228 584 2270 adhuc
607 2229 753 2270 scelus
776 2236 857 2279 est,
882 2231 999 2284 quod
1023 2229 1145 2284 cogis
1169 2245 1326 2272 mansa
1349 2245 1504 2273 vorare

325 2296 550 2346 Numina3
582 2297 841 2339 numinibus
863 2305 1062 2353 parceret
1090 2298 1184 2353 ipse
1213 2299 1378 2354 Gyges.

267 2363 336 2405 Tu
359 2372 510 2407 tamen
534 2365 659 2416 haec,
685 2367 882 2417 memini,
907 2367 1020 2409 ferro
1042 2374 1274 2422 grassatus
1297 2375 1340 2410 et
1363 2367 1465 2422 igne

326 2434 517 2477 Ursisti:
551 2435 658 2490 perii
683 2444 788 2490 quot
815 2436 1000 2479 Biomea
1029 2437 1206 2479 modis?

270 2504 456 2546 Haecne
477 2510 602 2546 torus
623 2505 691 2546 vel
714 2505 826 2547 ferre
848 2512 1005 2560 potest,
1028 2506 1097 2548 vel
1120 2506 1232 2548 ferre
1254 2507 1464 2548 tenetur?

301 2629 305 2633 .
326 2572 523 2627 Virginis
546 2588 602 2616 an
626 2574 818 2616 coniunx
841 2575 972 2617 effera
996 2575 1121 2630 tigris
1148 2576 1263 2617 erit?

269 2641 380 2697 Quis
402 2650 526 2696 putet
550 2643 672 2685 uxori
696 2643 916 2686 mansisse
940 2646 1152 2700 Lycaona
1179 2644 1380 2687 iunctum

327 2712 576 2762 Connubio,
600 2720 838 2768 postquam
861 2714 1061 2756 constitit
1085 2729 1184 2756 esse
1206 2714 1359 2769 lupum
1379 2715 1394 2755 ?

402 2882 472 2912 130.
499 2873 796 2915 Furnigenamque
814 2875 953 2914 Deum.]
1007 2874 1367 2907 Transubstantiation
1386 2874 1529 2917 glanced
1546 2880 1591 2907 at.

402 2928 471 2967 146.
499 2928 575 2968 Ipse
600 2929 744 2969 Gyges]
789 2928 853 2969 i.e.‚
874 2929 931 2961 the
948 2936 1040 2961 most
1056 2929 1220 2961 inhuman
1238 2930 1278 2961 of
1291 2929 1425 2962 Giants.

1810 527 1889 555 120

1814 1211 1895 1250 130

1818 1900 1897 1941 140

1819 2588 1899 2629 150
