2594 3749
463 343 527 375 TO
560 343 754 375 ROBERT
787 343 969 383 BARON,
1004 343 1055 374 IN
1091 343 1442 375 CONDOLENCE.
1775 335 1857 389 269

229 462 360 503 Nunc
382 459 530 516 gregis
551 459 747 502 aetherei
771 460 952 514 praebet
976 460 1267 502 concentibus
1289 474 1433 510 aures,

288 531 420 572 Nune
443 544 551 584 puer
573 529 731 570 infanti
755 528 949 583 concipit
973 543 1046 570 ore
1070 529 1226 571 melos.
1805 542 1859 584 90

228 598 437 641 Forsitan
461 605 503 640 et
527 613 605 653 pro
627 605 671 640 te
694 598 806 639 caeli
830 612 973 639 novus
994 597 1139 639 incola
1163 604 1357 653 mystam

286 669 418 709 Nunc
441 667 548 722 agit,
573 673 615 708 et
640 666 827 721 supplex
854 665 1053 707 numinis
1075 673 1171 707 orat
1195 681 1340 720 opem.

231 737 362 778 Mens
385 735 447 777 illi
472 750 628 777 secura
652 735 757 777 mali
781 741 863 785 est,
887 735 1014 776 dolor
1035 735 1186 776 exulat
1210 734 1370 785 omnis,

286 805 415 847 Nube
438 811 590 846 carent
613 803 734 845 omni
757 803 931 857 gaudia,
955 804 1042 845 fine
1065 803 1206 857 quies.

227 875 309 915 Ast
332 888 413 928 ego
436 872 540 927 quid
562 872 786 914 tumidum
811 873 947 914 doceo
971 886 1093 914 mare
1115 872 1282 914 findere
1304 871 1501 927 Tiphyn,

287 943 463 984 Ducere
485 942 553 983 vel
576 941 780 983 volucres
803 942 1137 983 Automedonta
1160 941 1313 982 rotas?

230 1012 353 1053 Laus
374 1018 468 1060 tua,
495 1010 677 1060 Baroni,
701 1017 768 1052 est
793 1010 978 1052 solando
1002 1010 1165 1064 pellere
1187 1024 1333 1060 curaS‚

288 1080 490 1122 Flectere
514 1079 587 1133 qui
612 1086 797 1129 mentes,
820 1094 906 1134 quo
930 1079 1069 1130 lubet,
1093 1086 1188 1121 arte
1210 1085 1353 1133 poteS.

231 1150 334 1203 Ipse
357 1163 453 1203 eg0,
477 1163 582 1190 nam
607 1148 806 1199 memini,
831 1155 874 1190 et
896 1148 1060 1190 veteris
1083 1154 1172 1190 stat
1195 1147 1340 1202 gratia
1361 1146 1484 1196 facti,

288 1219 391 1272 Ipse
413 1224 539 1259 tuam
563 1217 682 1259 sensi
707 1232 788 1259 nec
813 1217 949 1259 semel
973 1232 1106 1272 aeger
1127 1232 1273 1272 opem.
1783 1227 1863 1256 100

229 1286 299 1328 Tu
324 1286 432 1328 mihi
454 1286 694 1329 flexanima
717 1286 910 1328 mulsisti
935 1294 1116 1341 pectora
1137 1301 1260 1336 voce,

288 1356 402 1398 Cum
426 1369 651 1410 gemerem
675 1355 866 1397 thalami
890 1355 1075 1410 pignora
1098 1362 1227 1410 rapta
1250 1354 1347 1396 mei.

232 1424 333 1466 Hac
358 1438 454 1478 ego,
481 1423 686 1466 Sicanios
710 1424 944 1478 chalybem
973 1423 1047 1478 qui
1070 1423 1262 1465 sustinet
1286 1423 1423 1478 ignes,

291 1494 486 1548 Ipsaque
509 1492 670 1534 molliri
694 1507 919 1534 marmora
941 1507 1071 1547 posse
1094 1500 1263 1547 putem.

231 1562 297 1604 Te
319 1562 465 1604 verbis
486 1562 630 1604 solare
653 1562 753 1612 tuis,
776 1577 857 1604 nec
882 1576 1043 1616 quaere
1066 1563 1183 1616 quod
1207 1568 1330 1603 extra
1353 1567 1420 1603 est
1438 1575 1447 1610 ;

291 1632 374 1674 Vel
397 1646 544 1682 nemo,
567 1632 652 1683 vel,
675 1639 719 1674 te
743 1633 860 1687 quod
882 1632 1018 1683 iuvet,
1043 1647 1158 1674 unus
1182 1632 1334 1674 habes.

196 1790 248 1822 95.
273 1780 364 1823 Quid
387 1780 524 1822 doce0.]
570 1781 645 1813 The
674 1791 773 1823 prose
801 1781 970 1822 analogon
999 1780 1114 1813 would
1139 1781 1199 1813 be:
1229 1780 1368 1812 “What
1395 1778 1629 1820 presumption
1657 1783 1692 1808 to
1719 1775 1818 1807 teach
1847 1785 1867 1806 a

66 1836 240 1869 Hannibal
257 1836 315 1867 the
331 1842 382 1867 art
399 1836 440 1867 of
450 1846 518 1867 war
534 1835 541 1867 ἱ
556 1837 576 1850 ”

179 1901 250 1922 102.
277 1891 425 1932 Pignora
452 1892 560 1932 cara.]
606 1891 646 1922 In
680 1892 760 1931 1623
793 1891 963 1932 Johnston
996 1890 1063 1922 lost
1093 1900 1113 1922 a
1144 1889 1246 1928 child,
1275 1890 1308 1920 in
1340 1890 1422 1928 1624
1449 1888 1490 1919 he
1518 1888 1584 1918 lost
1610 1886 1662 1917 his
1687 1885 1775 1921 wife,
1800 1883 1867 1915 and

64 1946 177 1979 others
193 1946 233 1977 of
244 1945 297 1977 his
313 1945 466 1977 children
483 1945 560 1977 died
577 1946 610 1977 in
631 1947 712 1976 1628
730 1946 797 1977 and
817 1947 898 1985 1629
917 1945 1094 1987 (szerals
1112 1946 1152 1977 of
1165 1944 1298 1976 Patrick
1316 1944 1453 1980 Forbes,
1471 1953 1500 1983 p.
1524 1942 1589 1983 20).

180 2010 250 2040 103.
276 1999 462 2040 Sicanios]
506 2000 571 2038 i.c.,
587 2001 765 2038 Volcanic‚
783 2010 821 2032 as
838 2001 871 2031 in
888 2001 1002 2031 Aetna
1018 2000 1057 2031 of
1071 1999 1186 2040 Sicily.

179 2064 249 2094 105.
276 2055 350 2086 Nec
367 2065 490 2095 quaere
507 2055 596 2096 quod
613 2062 708 2086 extra
724 2056 807 2096 est.]
853 2054 907 2096 Cf.
929 2056 950 2070 “
965 2064 1027 2086 nec
1044 2061 1077 2085 te
1093 2053 1300 2095 quaesiveris
1317 2058 1411 2083 extra
1423 2052 1440 2065 ’¹
1456 2050 1614 2093 (Persius,
1634 2050 1658 2081 1.
1680 2048 1725 2090 5).
