2594 3749
584 339 647 371 To
679 339 782 370 THE
816 332 983 372 K1No's
1015 339 1321 374 PHYSICIANS.
1774 336 1859 389 263

286 456 459 499 Nobilis
482 455 731 499 Aesonidae
754 456 827 511 qui
854 456 975 499 furor
996 464 1101 499 ante
1124 457 1222 499 fuit.

226 525 467 581 Quaeritur
489 525 710 581 Elysium,
734 540 813 580 per
833 540 944 580 quas
967 525 1056 568 iarn
1081 526 1248 568 finditis
1272 529 1428 578 undas,

283 594 436 645 Terra,
461 594 531 637 cui
554 600 709 636 vastus
732 608 811 649 par
833 593 943 635 nihil
967 594 1085 636 orbis
1108 594 1258 637 habet.
1595 619 1598 622 ·
1801 599 1856 640 60

228 663 315 706 Hic
337 678 413 705 ver
434 669 700 718 perpetuum
725 669 806 713 est,
831 677 1094 718 semperque
1115 663 1306 706 virentia
1329 672 1471 720 prata,

284 733 343 774 Et
365 732 559 787 Zephyri
584 732 755 782 molles,
780 738 822 774 et
846 731 940 773 sine
965 732 1082 774 nube
1104 732 1208 774 dies.

227 801 314 844 Hic
338 802 535 844 mulcent
558 801 761 844 volucres
782 800 981 843 numeris
1003 801 1272 844 caelestibus
1295 816 1453 852 auras;

283 870 489 913 Floribus
510 869 761 925 omnigenis
784 870 866 912 sub
892 871 1003 925 pede
1026 869 1193 924 fragrat
1216 870 1394 913 humus.

225 939 458 995 Quaelibet
482 939 755 982 ambrosiam
778 939 861 981 fert
885 938 1024 990 radiX‚
1047 939 1222 982 roscida
1245 941 1376 982 sudat

283 1008 419 1050 Mella
443 1008 562 1051 Iovis
584 1023 788 1063 quercus,
812 1015 967 1051 nectar
989 1008 1153 1063 ubique
1175 1008 1284 1051 fluit.

226 1077 313 1120 Hic
337 1078 498 1120 chorus
519 1078 720 1128 heroum,
746 1092 857 1132 quos
878 1084 1058 1120 tantum
1082 1077 1267 1132 suspicit
1291 1077 1424 1128 orbis,

283 1148 431 1198 Errat,
456 1154 499 1189 et
522 1147 567 1188 in
591 1147 731 1202 pratis
753 1147 888 1189 florea
911 1153 1029 1189 serta
1052 1146 1170 1201 legit.

225 1215 407 1258 Paeonii
430 1231 508 1271 per
528 1231 631 1259 rura
653 1218 789 1258 duces
811 1217 1002 1258 herbosa
1024 1222 1261 1270 vagantur,

282 1286 406 1328 Inter
427 1292 469 1327 et
492 1286 574 1328 hos
598 1286 678 1328 Coi
702 1285 862 1327 nobilis
886 1286 1044 1328 umbra
1067 1285 1201 1327 senis.
1804 1299 1857 1342 70

223 1354 362 1397 Ocius
384 1355 453 1396 his
476 1354 584 1397 socii
607 1355 736 1397 terris
759 1354 977 1397 advertite
1001 1369 1187 1409 puppes,

281 1425 341 1465 Et
364 1424 554 1466 subeant
578 1431 732 1479 portus
755 1425 940 1466 carbasa
962 1424 1079 1465 fessa
1102 1438 1220 1465 suos.

223 1493 456 1535 Laudibus
480 1492 623 1548 Elysii
646 1493 788 1543 lectis,
814 1494 928 1535 Cato
952 1491 1135 1534 luminis
1158 1507 1291 1535 auras

282 1563 465 1613 Laetus,
490 1569 533 1604 et
557 1562 747 1604 invisam
772 1568 930 1617 sponte
954 1561 1130 1616 reliquit
1155 1562 1354 1604 humum.

223 1632 279 1673 Se
302 1646 477 1686 quoque
500 1631 789 1686 praecipitem
813 1632 865 1673 de
889 1645 995 1686 rupe
1018 1631 1333 1674 Cleombrotus
1356 1631 1447 1674 alta

282 1701 420 1751 Misit,
445 1708 493 1743 ut
521 1700 605 1750 hic,
627 1702 745 1755 quod
768 1715 846 1742 vos
868 1699 1059 1750 territat,
1084 1701 1242 1742 umbra
1269 1701 1392 1742 feret.

223 1771 324 1812 Non
347 1777 500 1813 tamen
524 1778 571 1812 ut
594 1776 741 1812 vester
761 1784 866 1824 grex
889 1769 932 1810 in
956 1785 1002 1812 se
1025 1769 1194 1812 saeviat
1218 1777 1338 1825 opto,

282 1841 433 1894 thue
456 1840 538 1881 sibi
562 1839 766 1894 iugulum
790 1840 1006 1882 barbarus
1029 1853 1134 1881 ense
1157 1846 1295 1894 petat.

223 1909 413 1951 Desinat
437 1909 593 1951 invisis
615 1916 793 1951 tantum
817 1909 1041 1951 radicibus
1064 1909 1140 1958 uti,

280 1978 366 2020 His
389 1978 550 2032 quibus
573 1978 644 2020 hie
667 1978 814 2020 lentas
837 1977 1057 2032 protrahit
1082 1992 1221 2032 usque
1246 1992 1407 2020 moras
1802 1978 1856 2018 So

222 2047 434 2102 Linquite
457 2055 666 2090 naturam
690 2047 773 2090 sibi
796 2054 990 2097 tantum,
1015 2047 1107 2089 fata
1130 2047 1323 2101 sequuti,

279 2118 374 2159 Nec
397 2132 572 2172 semper
592 2117 775 2160 tetricas
798 2117 942 2171 cogite
966 2131 1069 2158 nere
1094 2118 1230 2158 DeaS.

220 2187 340 2228 Vota
362 2201 442 2229 nec
465 2187 693 2237 heredum,
718 2201 798 2229 nec
822 2201 923 2241 spes
946 2186 1111 2228 eludite
1137 2185 1288 2241 Regis,

280 2257 456 2310 Fasque
479 2270 579 2298 mea
601 2257 783 2298 tandem
807 2255 864 2297 sit
888 2255 997 2296 mihi
1021 2262 1138 2297 sorte
1160 2255 1259 2297 frui.

223 2325 380 2379 Regna
405 2324 523 2367 Iovis
547 2325 691 2380 Stygii
720 2325 878 2366 Pollux
901 2339 979 2379 pro
1002 2325 1137 2366 fratre
1164 2324 1335 2379 petivit,

278 2395 370 2436 Vos
392 2395 519 2436 decet
542 2395 811 2449 exemplum,
836 2395 970 2436 fratre
993 2400 1193 2448 rogante,
1219 2393 1358 2447 sequi.

222 2464 303 2505 Vel
327 2465 430 2506 date
453 2479 566 2518 quae
588 2464 796 2518 petimus,
821 2464 890 2505 vel
913 2463 1038 2506 vobis
1060 2463 1209 2505 invida
1231 2463 1350 2505 vitae

281 2534 383 2587 Ipse
406 2548 505 2576 mea
528 2548 662 2588 cogar
683 2534 757 2575 fila
779 2548 929 2575 secare
954 2547 1106 2575 manu.

162 2670 214 2699 60.
240 2669 345 2701 Terra
370 2669 454 2710 cui.]
498 2669 574 2701 The
598 2676 705 2702 metre
728 2670 878 2712 requires
904 2670 1020 2701 “eui’'
1045 2675 1081 2701 to
1104 2670 1156 2707 be,
1186 2679 1223 2701 as
1247 2669 1352 2706 often,
1378 2678 1398 2700 a
1421 2667 1618 2708 dissyllable
1644 2666 1681 2707 (ν
1706 2665 1763 2707 -).
1815 2666 1854 2696 In

52 2729 130 2754 next
146 2733 244 2764 poem
262 2723 297 2763 (l.
315 2724 369 2766 32)
388 2734 408 2755 a
424 2724 552 2756 similar
569 2725 733 2766 example.

162 2788 214 2819 70.
240 2779 302 2810 Coi
328 2803 335 2810 .
362 2802 370 2810 .
395 2803 402 2810 .
428 2779 550 2819 senis]
602 2779 842 2820 Hippocrates,
861 2779 918 2810 the
936 2779 1044 2809 father
1062 2778 1101 2809 os
1115 2778 1297 2810 Medicine.

163 2842 214 2874 77.
240 2833 336 2875 Hie.]
383 2833 446 2871 i.e.,
466 2834 715 2871 Cleombrotus,
731 2845 767 2865 as
785 2844 861 2864 now
878 2844 920 2865 an
939 2833 1127 2870 “umbra‚'’
1146 2833 1214 2864 will
1231 2833 1397 2864 rehearse.
1450 2832 1489 2862 In
1508 2831 1528 2861 l.
1547 2832 1598 2868 80,
1617 2830 1783 2868 however,
1802 2828 1854 2860 hic

55 2884 82 2921 is
97 2886 153 2918 the
170 2886 293 2920 adverb
311 2888 350 2920 of
362 2888 469 2933 place,
488 2888 556 2920 and
574 2899 718 2929 appears
734 2899 772 2921 as
789 2888 842 2919 Ιιῖε
860 2889 893 2919 ἰη
911 2888 988 2921 Del.
