2594 3749
524 313 747 346 CONTEST
779 312 874 345 FOR
906 311 1144 345 EARLDOM
1177 312 1239 345 OF
1271 313 1389 345 MAR.

226 432 316 483 Nil,
340 431 538 483 memini,
562 432 705 474 nudos
727 431 942 486 poscebas
963 435 1139 485 praeter
1160 430 1365 480 honores,

284 503 344 545 Et
361 503 544 552 titulos;
577 501 684 544 tecti
707 502 784 543 sed
806 500 976 543 latuere
999 499 1103 542 doli.

226 573 326 615 Hac
348 572 470 615 vafer
490 572 535 614 in
560 569 743 613 Domini
765 569 991 613 thalamos
1017 569 1207 624 irrepere
1229 569 1392 612 techna

283 642 518 696 Sperabas‚
541 647 600 690 et,
624 654 726 683 cum
749 638 952 693 coniuge,
976 639 1080 680 dote
1101 637 1200 680 frui.

225 709 413 753 Obstitit
436 709 610 752 insidiis
631 722 847 764 generoso
871 706 1103 749 Ponthelis
1126 721 1253 757 ausu,

281 779 478 822 Tutatus
500 779 645 834 posito
666 778 788 833 regia
810 777 905 820 iura
927 784 1065 820 metu.

226 850 312 891 Sed
333 849 446 891 freta
468 847 657 890 sulcavit
681 847 816 890 miser
837 846 1088 889 infelicibus
1110 844 1259 896 astris,

284 918 344 960 Et
365 924 547 959 tenuem
570 916 691 959 venti
713 915 954 958 destituere
976 922 1132 958 ratem.

227 987 366 1029 Facta
391 987 537 1028 Deum
560 999 759 1035 veneror,
785 999 866 1027 nec
889 999 960 1027 me
983 999 1083 1027 mea
1105 986 1270 1027 damna
1294 991 1550 1033 morantur3

284 1056 373 1097 Fas
393 1061 636 1097 tamenest
663 1055 833 1108 Regem
857 1060 1121 1109 sceptraque
1144 1054 1266 1096 laesa
1288 1053 1426 1107 queri.

226 1125 340 1167 Cum
363 1123 502 1178 patris
524 1123 569 1165 in
591 1122 795 1177 iugulum
818 1122 1026 1178 distringi
1049 1128 1247 1165 cerneret
1270 1137 1422 1165 ensem

284 1193 440 1234 Mutus
461 1193 588 1247 Atys,
613 1199 738 1234 muto
760 1192 913 1245 lingua
935 1192 1082 1234 soluta
1103 1192 1201 1234 fuit.

224 1262 310 1312 Tu,
334 1262 485 1316 iugulo
508 1276 710 1316 parcens,
735 1262 957 1304 connubia
986 1261 1206 1316 Principis
1233 1261 1393 1312 ambis,

285 1333 370 1374 Pro
393 1334 548 1387 pudor,
573 1339 615 1374 et
638 1331 807 1374 domini
830 1332 1007 1386 quaeris
1029 1346 1189 1374 avarus
1215 1347 1336 1386 opes.

227 1402 532 1457 Exemploque
554 1409 632 1444 tuo
657 1403 859 1457 Dolagus
885 1403 974 1444 iam
1000 1402 1155 1445 tollere
1178 1402 1337 1445 cristas

284 1472 455 1527 Coepit,
477 1479 520 1514 et
544 1487 725 1514 uxorem
750 1487 820 1514 me
843 1471 927 1514 sibi
950 1472 1087 1515 iactat
1110 1486 1263 1516 ovanS.

227 1543 329 1585 Non
352 1542 439 1585 alio
463 1541 684 1584 Sthinoon
707 1557 945 1596 percussus
967 1551 1148 1597 pectora
1170 1542 1339 1597 thyrso,

285 1613 550 1654 Consortem
574 1611 762 1653 thalami
785 1626 832 1653 se
854 1617 982 1666 putat
1006 1625 1103 1653 esse
1126 1610 1222 1652 mei.

226 1680 505 1735 Supplicium
528 1680 688 1722 meruit
711 1679 895 1730 facinus,
918 1679 1176 1735 patriaeque
1198 1679 1371 1734 parenti

283 1751 372 1792 Fas
394 1756 503 1801 erat,
528 1749 725 1792 auctoris
747 1751 897 1800 caede,
922 1749 1044 1804 piare
1066 1749 1206 1792 nefas.

228 1818 369 1873 Regia
392 1820 468 1861 sed
491 1819 634 1861 iustas
657 1818 897 1861 clementia
919 1818 1077 1861 molliit
1100 1818 1202 1866 iras,

286 1889 345 1930 Et
368 1902 438 1930 res
460 1887 644 1930 arbitrio
666 1887 834 1930 credita
856 1894 952 1930 tota
974 1887 1054 1929 fori
1082 1895 1164 1930 est.

229 1956 316 1999 Hic
338 1958 487 2008 decus,
512 1963 555 1999 et
578 1956 766 1999 thalami
790 1956 953 2011 regalis
975 1957 1071 1999 iura
1093 1963 1244 1999 tuetur

286 2027 538 2081 Nogrodus,
562 2026 771 2081 antiquae
795 2026 1043 2068 nobilitatis
1065 2040 1210 2080 eques.

230 2096 329 2138 Hac
353 2095 474 2151 pugil
497 2095 569 2138 hic
591 2102 754 2144 tecum,
778 2095 978 2145 Nicares‚
999 2095 1196 2138 luctatur
1217 2108 1366 2144 arena,

287 2167 394 2215 Nec,
416 2165 575 2220 quibus
597 2165 783 2220 oppetiit
809 2165 1053 2216 Ponthelis,
1078 2180 1203 2207 arma
1225 2164 1369 2206 timet.

229 2234 409 2278 Scilicet
432 2241 499 2277 est
521 2235 694 2289 patrius
716 2249 891 2289 pugnae
914 2235 1178 2289 palmaeque
1202 2235 1396 2276 Senatus

286 2303 476 2354 Arbiter,
499 2303 543 2345 in
566 2303 692 2346 cuius
715 2318 838 2359 spem
861 2304 978 2346 locat
1002 2303 1074 2345 ille
1096 2304 1192 2345 fide.

231 2374 325 2416 Nec
348 2387 449 2428 spes
470 2386 586 2415 vana
608 2380 756 2415 tenet:
790 2372 888 2427 quis
911 2372 1045 2423 enim,
1069 2372 1153 2413 nisi
1178 2370 1341 2414 mentis
1363 2385 1531 2425 egenus

286 2441 375 2484 Tot
397 2456 603 2497 proceres
624 2456 773 2497 regem
796 2443 979 2497 prodere
1001 2441 1113 2484 velle
1135 2441 1295 2496 putet?

231 2510 381 2554 Prima
405 2511 675 2554 Caledoniae
698 2510 780 2553 fuit
802 2510 908 2552 olim
931 2510 1071 2565 gloria
1092 2510 1254 2565 gentis,

289 2582 373 2623 Pro
396 2580 540 2637 patria
563 2587 605 2623 et
629 2580 799 2636 patriae
822 2595 952 2636 posse
975 2587 1159 2635 parente
1182 2579 1306 2622 mori.

230 2650 372 2702 Absit,
396 2657 443 2693 ut
467 2650 511 2692 in
534 2650 765 2693 dominum
789 2664 907 2693 nunc
930 2649 1211 2704 conspirasse
1234 2656 1456 2704 putemus,

1769 317 1849 357 213

1798 512 1851 552 30

1800 1204 1854 1246 40

1804 1897 1856 1939 50

1802 2580 1856 2622 60

173 2824 224 2855 40.
251 2815 368 2847 Mutus
385 2815 500 2857 Atys]
536 2815 611 2847 The
627 2821 722 2856 story
737 2815 777 2847 of
794 2814 853 2847 the
876 2813 980 2846 dumb
1004 2815 1101 2855 Atys,
1126 2823 1187 2845 son
1208 2814 1248 2845 of
1267 2814 1423 2854 Croesus,
1443 2823 1481 2845 as
1497 2814 1568 2845 told
1585 2814 1629 2854 by
1647 2813 1856 2850 Herodotus.

63 2867 88 2899 1.
101 2869 120 2900 8
144 2893 150 2902 .

123 2877 140 2908 5
173 2924 224 2954 60.
250 2924 381 2956 Patriae
398 2925 547 2965 parens]
592 2924 656 2960 i.e.,
673 2924 731 2954 the
751 2924 851 2963 King.
