2594 3749
736 349 911 385 SATIRE
942 351 1010 383 ΟΝ
1046 346 1308 382 EGLISHEM.
1877 347 1929 390 27

354 473 471 514 Ante
496 473 593 513 Deo
615 484 792 512 sacrum
816 483 950 523 quam
973 467 1184 510 violasset
1207 481 1334 521 opus.

298 540 523 596 Liquisset
547 546 743 582 mentem
767 538 900 588 furor,
925 544 1002 580 aut
1026 535 1298 578 moderatior
1318 543 1459 577 esset:

357 610 444 652 Hei
467 609 590 659 mihi,
615 623 732 651 nunc
755 622 901 650 seram
923 607 1036 649 ferre
1058 620 1270 661 paramus
1293 619 1438 659 opem.
1848 604 1929 645 280

298 679 445 734 Impia
467 679 706 721 crescendo
728 676 874 732 coepit
897 675 1123 718 dementia
1143 675 1281 724 vires;

355 749 441 791 Vix
463 749 605 791 tribus
627 747 853 803 Anticyris
876 747 1051 789 cederet
1074 745 1158 787 iste
1180 745 1316 786 furor.

298 819 366 860 Ne
387 826 540 860 tamen
563 817 634 859 hic
657 816 858 859 animum
882 816 1129 870 desponde:
1162 821 1267 856 vota
1293 819 1533 867 supersunt
1552 827 1561 860 ;

355 889 480 943 Quae
503 889 606 929 dare
630 901 718 928 non
742 892 930 941 possunt
954 891 1116 934 cetera,
1142 898 1274 938 posce
1299 884 1435 924 Deos.

298 958 381 999 Est
406 957 529 999 locus
552 958 760 998 Ardenna
783 955 827 997 in
851 954 1010 1004 media,
1036 960 1234 995 secretus
1257 954 1312 994 ab
1336 951 1456 993 omni

354 1027 489 1076 Voce,
513 1026 598 1068 nisi
622 1025 658 1068 si
681 1040 794 1080 quae
817 1039 1047 1066 murmura
1068 1024 1224 1065 fundat
1249 1022 1358 1064 avis.

300 1097 505 1150 Desuper
526 1096 773 1137 horrendus
794 1094 922 1149 nigra
943 1093 1178 1136 formidine
1201 1093 1328 1134 lucus

357 1165 585 1215 Imminet,
609 1172 652 1206 et
675 1171 820 1206 totum
846 1163 1027 1218 surripit
1050 1164 1208 1205 umbra
1231 1161 1363 1203 diem.

299 1235 351 1277 In
374 1234 520 1277 medio
541 1234 678 1276 veteri
702 1233 1005 1276 circumdatur
1027 1247 1129 1275 area
1152 1245 1302 1280 muro;

356 1304 444 1346 Hic
467 1310 557 1346 stat
580 1303 624 1344 in
647 1303 808 1358 exigua
830 1302 1005 1357 ligneus
1028 1303 1135 1343 aede
1161 1302 1296 1342 Deus.
1850 1309 1931 1349 290

299 1373 492 1416 Huberti
515 1387 764 1428 cognomen
786 1373 943 1415 habet:
978 1387 1067 1414 non
1090 1386 1226 1427 parva
1249 1377 1451 1425 potestas

355 1443 582 1493 Numinis,
606 1442 678 1485 hic
701 1457 959 1497 quanquam
984 1455 1210 1483 marmora
1232 1440 1355 1481 nulla
1376 1438 1514 1481 vides.

298 1514 388 1555 Res
410 1513 643 1555 hominum
665 1511 812 1554 varias
835 1518 1096 1553 sustentans
1122 1510 1292 1564 Iupiter
1314 1508 1420 1550 olim

357 1583 582 1639 Ingemuit
605 1584 736 1625 dorso
759 1597 860 1625 cum
884 1596 1017 1637 grave
1041 1581 1180 1623 sensit
1203 1595 1330 1622 onus.

295 1653 413 1696 Tum
437 1653 630 1708 primum
654 1652 836 1707 reliquis
859 1653 913 1694 ad
936 1666 1033 1693 sese
1056 1651 1100 1692 in
1123 1657 1243 1692 tecta
1265 1648 1436 1692 vocatis

356 1724 536 1765 Partem
560 1722 707 1764 oneris
728 1722 866 1764 fertur
887 1720 1168 1763 distribuisse
1194 1719 1318 1761 Deis.

296 1792 483 1836 Cunctis
505 1793 580 1834 dat
604 1793 720 1846 quod
743 1799 905 1846 agant:
940 1791 1073 1832 Latio
1095 1790 1166 1832 hic
1189 1790 1321 1838 favet,
1346 1789 1459 1830 alter
1482 1785 1637 1836 Iberis,

354 1862 567 1904 Tutelare
590 1863 729 1904 Getes
751 1875 932 1910 numen,
956 1867 1000 1902 et
1026 1860 1166 1901 Indus
1183 1859 1333 1901 habet.

297 1934 412 1975 Sunt
435 1931 596 1986 quibus
618 1931 838 1973 artificum
863 1944 995 1972 curae
1017 1937 1084 1972 est
1107 1943 1248 1984 genus
1274 1942 1427 1977 omne;
1461 1933 1699 1981 patronum

357 2003 449 2044 Fur
470 2002 619 2051 habet,
643 2008 686 2043 et
709 2001 824 2050 leno,
849 2000 1181 2055 sacrilegusque
1204 2013 1350 2040 suum.
1849 2005 1932 2045 300

298 2071 450 2114 Abluit
472 2071 543 2113 hic
566 2078 777 2120 strumas,
801 2070 914 2112 alter
935 2069 1118 2125 collyria
1140 2069 1273 2124 lippis

357 2140 521 2190 Illinit;
556 2140 626 2183 hic
649 2141 805 2182 dentes
827 2139 956 2190 eruit,
979 2139 1053 2181 ille
1075 2139 1199 2194 polit.

299 2212 359 2253 Et
383 2209 520 2260 canis,
545 2217 588 2252 et
612 2210 782 2265 vulpes,
807 2217 849 2251 et
873 2210 1008 2251 habet
1031 2224 1112 2251 sua
1136 2207 1321 2250 numina
1344 2221 1529 2262 porcus;

357 2282 561 2334 Suntque
583 2279 745 2334 quibus
767 2293 900 2321 curae
923 2293 1092 2328 musca,
1117 2277 1283 2327 cicada,
1309 2276 1454 2331 pulex.

299 2349 484 2404 Singula
506 2348 605 2403 quis
628 2349 864 2391 numeret?
900 2363 1031 2390 nemo
1053 2347 1282 2390 indotatus
1305 2345 1468 2388 abivit:

359 2420 547 2461 Munera
570 2420 800 2462 restabant
823 2418 1129 2461 distribuenda
1151 2419 1252 2459 duo.

241 2535 314 2576 278.
343 2534 418 2566 Deo
434 2543 567 2566 sacrum
585 2534 701 2575 opus.]
748 2532 968 2565 Buchanan's
985 2532 1119 2564 Psalms
1135 2532 1175 2565 of
1187 2530 1308 2563 David.

243 2599 314 2629 291.
345 2589 519 2629 Huberti.]
565 2590 614 2620 St.
635 2589 769 2620 Hubert
790 2589 818 2620 is
840 2588 914 2619 best
935 2588 1059 2619 known
1077 2598 1114 2619 as
1131 2587 1189 2618 the
1206 2593 1326 2628 patron
1343 2586 1382 2617 of
1401 2585 1596 2616 huntsmen.
1647 2582 1777 2624 (Albert
1796 2581 1934 2612 D'rirer’s

127 2651 221 2687 great
237 2645 378 2686 etching
392 2644 432 2675 of
450 2644 521 2675 him
545 2650 737 2685 represents
760 2644 831 2675 him
856 2643 889 2674 in
915 2653 935 2675 a
957 2642 1141 2674 woodland
1165 2652 1277 2678 scene,
1303 2640 1460 2682 perhaps,
1486 2649 1523 2670 as
1547 2638 1636 2674 here,
1654 2637 1711 2668 the
1731 2636 1934 2675 Ardennes.)

127 2701 205 2732 “As
223 2701 272 2732 St.
291 2699 424 2731 Hubert
440 2709 511 2731 was
527 2699 601 2731 also
617 2699 674 2731 the
691 2706 811 2740 patron
829 2699 920 2730 saint
936 2699 976 2730 of
989 2699 1096 2739 Dogs,
1109 2709 1161 2729 we
1174 2698 1268 2729 often
1286 2695 1355 2727 find
1373 2695 1466 2726 them
1480 2692 1681 2725 introduced
1699 2692 1770 2724 into
1787 2691 1935 2732 pictures

127 2755 167 2786 os
178 2754 268 2792 him;
294 2754 406 2791 bread,
424 2754 548 2785 blessed
564 2758 600 2785 at
620 2753 670 2784 his
690 2753 812 2791 shrine,
829 2764 901 2785 was
917 2752 1119 2785 considered
1137 2762 1156 2783 a
1172 2751 1253 2792 holy
1271 2751 1387 2782 charm
1405 2749 1540 2791 against
1558 2746 1831 2789 hydrophobia‚''
1851 2746 1932 2776 Mrs.

127 2809 300 2850 Jameson,
314 2810 391 2841 Sac.
405 2810 473 2840 and
488 2809 635 2851 Legend.
649 2810 715 2840 Art
729 2809 789 2849 (ΙΙ.
803 2810 892 2849 363).
941 2809 1005 2840 See
1023 2808 1096 2839 also
1115 2808 1241 2839 Scott's
1259 2813 1387 2847 poetry‚
1400 2804 1462 2834 VI.
1476 2804 1558 2843 308;
1585 2801 1730 2844 Qucntin
1748 2799 1934 2836 Durward,

127 2864 180 2898 ch.
200 2864 234 2896 ii.
251 2871 332 2896 note
348 2865 396 2896 A:
423 2864 571 2896 “Those
588 2864 665 2896 who
680 2874 768 2896 were
792 2863 984 2896 descended
1009 2863 1048 2895 of
1069 2863 1232 2894 Hubert's
1256 2871 1333 2892 race
1358 2870 1444 2891 were
1469 2858 1640 2900 supposed
1665 2864 1700 2888 to
1725 2866 1861 2898 possess
1878 2855 1935 2885 the

128 2929 240 2962 power
256 2920 296 2952 of
306 2920 426 2961 curing
442 2930 584 2960 persons
600 2919 707 2952 bitten
724 2919 768 2961 by
784 2919 864 2951 mad
879 2918 966 2961 dogs
978 2919 1010 2949 '‘.

243 2984 315 3014 293.
344 2974 500 3016 Iupiter.]
543 2975 573 3006 A
597 2975 734 3006 curious
756 2975 852 3015 piece
875 2974 914 3005 of
933 2973 1073 3006 modern
1096 2971 1311 3014 mythology,
1337 2971 1370 3002 in
1395 2969 1507 3001 which
1525 2968 1655 3009 Jupiter
1673 2967 1701 2998 is
1718 2965 1935 3007 represented

128 3040 165 3062 as
180 3029 399 3071 distributing
414 3029 467 3061 his
484 3030 657 3061 functions
673 3029 718 3070 by
734 3039 754 3060 a
770 3029 933 3071 principle
950 3030 990 3061 of
1004 3031 1026 3044 “
1040 3028 1236 3060 devolution
1251 3027 1280 3058 ’'.
