<?xml version="1.0" encoding="UTF-8"?>
<!DOCTYPE html PUBLIC "-//W3C//DTD XHTML 1.0 Transitional//EN"
    "http://www.w3.org/TR/xhtml1/DTD/xhtml1-transitional.dtd">
<html xmlns="http://www.w3.org/1999/xhtml" xml:lang="en" lang="en">
 <head>
  <title>
</title>
<meta http-equiv="Content-Type" content="text/html;charset=utf-8" />
  <meta name='ocr-system' content='tesseract 3.04.00' />
  <meta name='ocr-capabilities' content='ocr_page ocr_carea ocr_par ocr_line ocrx_word'/>
</head>
<body>
  <div class='ocr_page' id='page_1' title='image "./musalatinaaberdo01gedduoft_0073.png"; bbox 0 0 2594 3749; ppageno 0'>
   <div class='ocr_carea' id='block_1_1' title="bbox 0 566 2 584">
    <p class='ocr_par' dir='ltr' id='par_1_1' title="bbox 0 566 2 584">
     <span class='ocr_line' id='line_1_1' title="bbox 0 566 2 584; baseline 0 0"><span class='ocrx_word' id='word_1_1' title='bbox 0 566 2 584; x_wconf 68' lang='lat' dir='ltr'>l</span> 
     </span>
    </p>
   </div>
   <div class='ocr_carea' id='block_1_2' title="bbox 0 699 35 2767">
    <p class='ocr_par' dir='ltr' id='par_1_2' title="bbox 0 699 35 2767">
     <span class='ocr_line' id='line_1_2' title="bbox 0 699 35 2767; baseline 0 0"><span class='ocrx_word' id='word_1_2' title='bbox 0 699 35 2767; x_wconf 95' lang='lat' dir='ltr'> </span> 
     </span>
    </p>
   </div>
   <div class='ocr_carea' id='block_1_3' title="bbox 717 344 1908 387">
    <p class='ocr_par' dir='ltr' id='par_1_3' title="bbox 717 344 1908 387">
     <span class='ocr_line' id='line_1_3' title="bbox 717 344 1908 387; baseline -0.003 -10"><span class='ocrx_word' id='word_1_3' title='bbox 717 345 892 377; x_wconf 82' lang='lat' dir='ltr'>SATIRE</span> <span class='ocrx_word' id='word_1_4' title='bbox 923 345 990 377; x_wconf 84' lang='grc' dir='ltr'>ΟΝ</span> <span class='ocrx_word' id='word_1_5' title='bbox 1027 344 1294 377; x_wconf 80' lang='lat' dir='ltr'>EGLISHEM.</span> <span class='ocrx_word' id='word_1_6' title='bbox 1855 345 1908 387; x_wconf 79' lang='lat'>39</span> 
     </span>
    </p>
   </div>
   <div class='ocr_carea' id='block_1_4' title="bbox 272 461 1912 2934">
    <p class='ocr_par' dir='ltr' id='par_1_4' title="bbox 272 461 1912 2934">
     <span class='ocr_line' id='line_1_4' title="bbox 285 461 1298 512; baseline -0.001 -8"><span class='ocrx_word' id='word_1_7' title='bbox 285 464 386 505; x_wconf 93' lang='lat' dir='ltr'>Non</span> <span class='ocrx_word' id='word_1_8' title='bbox 411 463 544 505; x_wconf 87' lang='lat' dir='ltr'>Erebi</span> <span class='ocrx_word' id='word_1_9' title='bbox 567 470 733 512; x_wconf 89' lang='lat' dir='ltr'>custos,</span> <span class='ocrx_word' id='word_1_10' title='bbox 758 462 932 506; x_wconf 89' lang='lat' dir='ltr'>Cereris</span> <span class='ocrx_word' id='word_1_11' title='bbox 955 477 1035 505; x_wconf 92' lang='lat' dir='ltr'>nec</span> <span class='ocrx_word' id='word_1_12' title='bbox 1058 462 1148 504; x_wconf 90' lang='lat' dir='ltr'>filia</span> <span class='ocrx_word' id='word_1_13' title='bbox 1170 461 1298 504; x_wconf 92' lang='lat' dir='ltr'>nobis</span> 
     </span>
     <span class='ocr_line' id='line_1_5' title="bbox 342 530 1362 586; baseline -0.001 -14"><span class='ocrx_word' id='word_1_14' title='bbox 342 532 556 586; x_wconf 89' lang='lat' dir='ltr'>Eripitur‚</span> <span class='ocrx_word' id='word_1_15' title='bbox 582 532 783 586; x_wconf 85' lang='lat' dir='ltr'>iugulum</span> <span class='ocrx_word' id='word_1_16' title='bbox 807 531 882 586; x_wconf 92' lang='lat' dir='ltr'>qui</span> <span class='ocrx_word' id='word_1_17' title='bbox 905 531 1031 586; x_wconf 90' lang='lat' dir='ltr'>petit,</span> <span class='ocrx_word' id='word_1_18' title='bbox 1057 530 1200 573; x_wconf 92' lang='lat' dir='ltr'>hostis</span> <span class='ocrx_word' id='word_1_19' title='bbox 1222 531 1362 572; x_wconf 90' lang='lat' dir='ltr'>adest.</span> 
     </span>
     <span class='ocr_line' id='line_1_6' title="bbox 272 599 1468 655; baseline -0.003 -13"><span class='ocrx_word' id='word_1_20' title='bbox 272 600 382 655; x_wconf 82' lang='lat' dir='ltr'>Quis</span> <span class='ocrx_word' id='word_1_21' title='bbox 404 601 515 642; x_wconf 88' lang='lat' dir='ltr'>ferat</span> <span class='ocrx_word' id='word_1_22' title='bbox 538 600 718 642; x_wconf 86' lang='lat' dir='ltr'>inferias</span> <span class='ocrx_word' id='word_1_23' title='bbox 742 601 902 650; x_wconf 82' lang='lat' dir='ltr'>Erebo,</span> <span class='ocrx_word' id='word_1_24' title='bbox 927 600 963 641; x_wconf 92' lang='lat' dir='ltr'>si</span> <span class='ocrx_word' id='word_1_25' title='bbox 987 599 1232 654; x_wconf 81' lang='lat' dir='ltr'><strong>dempseris</strong></span> <span class='ocrx_word' id='word_1_26' title='bbox 1254 599 1468 640; x_wconf 87' lang='lat' dir='ltr'>umbras?</span> 
     </span>
     <span class='ocr_line' id='line_1_7' title="bbox 343 668 1357 724; baseline -0.001 -13"><span class='ocrx_word' id='word_1_27' title='bbox 343 670 429 711; x_wconf 91' lang='lat' dir='ltr'>His</span> <span class='ocrx_word' id='word_1_28' title='bbox 452 669 546 712; x_wconf 90' lang='lat' dir='ltr'>sine</span> <span class='ocrx_word' id='word_1_29' title='bbox 569 677 788 712; x_wconf 86' lang='lat' dir='ltr'>tartareos</span> <span class='ocrx_word' id='word_1_30' title='bbox 811 669 911 724; x_wconf 90' lang='lat' dir='ltr'>quis</span> <span class='ocrx_word' id='word_1_31' title='bbox 933 676 1058 724; x_wconf 92' lang='lat' dir='ltr'>putet</span> <span class='ocrx_word' id='word_1_32' title='bbox 1081 684 1178 711; x_wconf 90' lang='lat' dir='ltr'>esse</span> <span class='ocrx_word' id='word_1_33' title='bbox 1203 668 1357 710; x_wconf 85' lang='lat' dir='ltr'>Deos?</span> 
     </span>
     <span class='ocr_line' id='line_1_8' title="bbox 282 736 1610 792; baseline -0.002 -13"><span class='ocrx_word' id='word_1_34' title='bbox 282 739 374 780; x_wconf 90' lang='lat' dir='ltr'>Vos</span> <span class='ocrx_word' id='word_1_35' title='bbox 397 753 573 792; x_wconf 90' lang='lat' dir='ltr'>quoque</span> <span class='ocrx_word' id='word_1_36' title='bbox 596 738 696 792; x_wconf 92' lang='lat' dir='ltr'>quis</span> <span class='ocrx_word' id='word_1_37' title='bbox 719 745 905 787; x_wconf 91' lang='lat' dir='ltr'>metuat,</span> <span class='ocrx_word' id='word_1_38' title='bbox 932 738 1104 792; x_wconf 89' lang='lat' dir='ltr'>Superi,</span> <span class='ocrx_word' id='word_1_39' title='bbox 1130 737 1164 779; x_wconf 88' lang='lat' dir='ltr'>si</span> <span class='ocrx_word' id='word_1_40' title='bbox 1188 736 1411 779; x_wconf 88' lang='lat' dir='ltr'><strong>clauditur</strong></span> <span class='ocrx_word' id='word_1_41' title='bbox 1434 736 1610 778; x_wconf 85' lang='lat' dir='ltr'>Orcus?</span> 
     </span>
     <span class='ocr_line' id='line_1_9' title="bbox 341 805 1429 862; baseline -0.002 -14"><span class='ocrx_word' id='word_1_42' title='bbox 341 806 452 862; x_wconf 84' lang='lat' dir='ltr'>Quis</span> <span class='ocrx_word' id='word_1_43' title='bbox 474 814 672 849; x_wconf 88' lang='lat' dir='ltr'>vestrum</span> <span class='ocrx_word' id='word_1_44' title='bbox 697 808 847 848; x_wconf 88' lang='lat' dir='ltr'>credat</span> <span class='ocrx_word' id='word_1_45' title='bbox 871 814 1046 861; x_wconf 88' lang='lat' dir='ltr'>sceptra</span> <span class='ocrx_word' id='word_1_46' title='bbox 1068 813 1219 848; x_wconf 90' lang='lat' dir='ltr'>tenere</span> <span class='ocrx_word' id='word_1_47' title='bbox 1244 805 1429 846; x_wconf 87' lang='lat' dir='ltr'>Iovem?</span> 
     </span>
     <span class='ocr_line' id='line_1_10' title="bbox 281 873 1566 930; baseline -0.002 -14"><span class='ocrx_word' id='word_1_48' title='bbox 281 875 496 917; x_wconf 90' lang='lat' dir='ltr'>Clamitat</span> <span class='ocrx_word' id='word_1_49' title='bbox 520 889 617 917; x_wconf 90' lang='lat' dir='ltr'>esse</span> <span class='ocrx_word' id='word_1_50' title='bbox 642 876 765 917; x_wconf 95' lang='lat' dir='ltr'>Deos</span> <span class='ocrx_word' id='word_1_51' title='bbox 788 889 1005 930; x_wconf 83' lang='lat' dir='ltr'>prensans</span> <span class='ocrx_word' id='word_1_52' title='bbox 1028 874 1144 916; x_wconf 91' lang='lat' dir='ltr'>male</span> <span class='ocrx_word' id='word_1_53' title='bbox 1166 874 1389 916; x_wconf 86' lang='lat' dir='ltr'>Tantalus</span> <span class='ocrx_word' id='word_1_54' title='bbox 1412 873 1566 919; x_wconf 80' lang='lat' dir='ltr'>undas.</span> 
     </span>
     <span class='ocr_line' id='line_1_11' title="bbox 341 942 1912 998; baseline -0.003 -13"><span class='ocrx_word' id='word_1_55' title='bbox 341 942 514 998; x_wconf 86' lang='lat' dir='ltr'>Quique</span> <span class='ocrx_word' id='word_1_56' title='bbox 537 943 852 998; x_wconf 88' lang='lat' dir='ltr'>inconsumpto</span> <span class='ocrx_word' id='word_1_57' title='bbox 874 943 1041 985; x_wconf 84' lang='lat' dir='ltr'>viscere</span> <span class='ocrx_word' id='word_1_58' title='bbox 1063 942 1206 998; x_wconf 89' lang='lat' dir='ltr'>pascit</span> <span class='ocrx_word' id='word_1_59' title='bbox 1231 956 1373 984; x_wconf 90' lang='lat' dir='ltr'>avem.</span> <span class='ocrx_word' id='word_1_60' title='bbox 1830 953 1912 982; x_wconf 92' lang='lat'>200</span> 
     </span>
     <span class='ocr_line' id='line_1_12' title="bbox 282 1012 1450 1068; baseline -0.002 -14"><span class='ocrx_word' id='word_1_61' title='bbox 282 1013 376 1054; x_wconf 92' lang='lat' dir='ltr'>Nec</span> <span class='ocrx_word' id='word_1_62' title='bbox 399 1027 555 1054; x_wconf 88' lang='lat' dir='ltr'>saxum</span> <span class='ocrx_word' id='word_1_63' title='bbox 579 1027 755 1067; x_wconf 89' lang='lat' dir='ltr'>semper</span> <span class='ocrx_word' id='word_1_64' title='bbox 775 1012 995 1054; x_wconf 87' lang='lat' dir='ltr'>ruiturum</span> <span class='ocrx_word' id='word_1_65' title='bbox 1025 1012 1246 1068; x_wconf 88' lang='lat' dir='ltr'>Sisyphus</span> <span class='ocrx_word' id='word_1_66' title='bbox 1272 1026 1450 1066; x_wconf 86' lang='lat' dir='ltr'>urgens,</span> 
     </span>
     <span class='ocr_line' id='line_1_13' title="bbox 338 1081 1237 1124; baseline 0 -1"><span class='ocrx_word' id='word_1_67' title='bbox 338 1083 431 1124; x_wconf 91' lang='lat' dir='ltr'>Nec</span> <span class='ocrx_word' id='word_1_68' title='bbox 455 1081 559 1123; x_wconf 91' lang='lat' dir='ltr'>sinit</span> <span class='ocrx_word' id='word_1_69' title='bbox 585 1082 712 1124; x_wconf 82' lang='lat' dir='ltr'>Ixion</span> <span class='ocrx_word' id='word_1_70' title='bbox 736 1081 918 1124; x_wconf 90' lang='lat' dir='ltr'>nomina</span> <span class='ocrx_word' id='word_1_71' title='bbox 940 1089 1089 1124; x_wconf 88' lang='lat' dir='ltr'>vestra</span> <span class='ocrx_word' id='word_1_72' title='bbox 1111 1082 1237 1123; x_wconf 90' lang='lat' dir='ltr'>mori.</span> 
     </span>
     <span class='ocr_line' id='line_1_14' title="bbox 281 1151 1431 1206; baseline -0.001 -14"><span class='ocrx_word' id='word_1_73' title='bbox 281 1152 367 1193; x_wconf 88' lang='lat' dir='ltr'>Sed</span> <span class='ocrx_word' id='word_1_74' title='bbox 384 1152 548 1193; x_wconf 88' lang='lat' dir='ltr'>frustra</span> <span class='ocrx_word' id='word_1_75' title='bbox 572 1151 770 1206; x_wconf 86' lang='lat' dir='ltr'>Superis,</span> <span class='ocrx_word' id='word_1_76' title='bbox 794 1152 958 1194; x_wconf 85' lang='lat' dir='ltr'>frustra</span> <span class='ocrx_word' id='word_1_77' title='bbox 980 1152 1235 1194; x_wconf 87' lang='lat' dir='ltr'>obluctatur</span> <span class='ocrx_word' id='word_1_78' title='bbox 1256 1153 1431 1193; x_wconf 85' lang='lat' dir='ltr'>Averno</span> 
     </span>
     <span class='ocr_line' id='line_1_15' title="bbox 337 1219 1364 1275; baseline -0.001 -14"><span class='ocrx_word' id='word_1_79' title='bbox 337 1221 549 1262; x_wconf 90' lang='lat' dir='ltr'>Femina:</span> <span class='ocrx_word' id='word_1_80' title='bbox 585 1221 705 1262; x_wconf 90' lang='lat' dir='ltr'>mille</span> <span class='ocrx_word' id='word_1_81' title='bbox 727 1227 882 1275; x_wconf 89' lang='lat' dir='ltr'>patent</span> <span class='ocrx_word' id='word_1_82' title='bbox 905 1220 949 1262; x_wconf 93' lang='lat' dir='ltr'>in</span> <span class='ocrx_word' id='word_1_83' title='bbox 973 1235 1072 1262; x_wconf 89' lang='lat' dir='ltr'>mea</span> <span class='ocrx_word' id='word_1_84' title='bbox 1095 1234 1232 1275; x_wconf 85' lang='lat' dir='ltr'>regna</span> <span class='ocrx_word' id='word_1_85' title='bbox 1253 1219 1364 1262; x_wconf 88' lang='lat' dir='ltr'>viae.</span> 
     </span>
     <span class='ocr_line' id='line_1_16' title="bbox 282 1288 1400 1344; baseline 0.001 -15"><span class='ocrx_word' id='word_1_86' title='bbox 282 1288 444 1331; x_wconf 89' lang='lat' dir='ltr'>Pollice</span> <span class='ocrx_word' id='word_1_87' title='bbox 467 1304 580 1343; x_wconf 91' lang='lat' dir='ltr'>quae</span> <span class='ocrx_word' id='word_1_88' title='bbox 603 1289 772 1344; x_wconf 87' lang='lat' dir='ltr'>fragilis</span> <span class='ocrx_word' id='word_1_89' title='bbox 794 1291 1027 1344; x_wconf 88' lang='lat' dir='ltr'>rumpebat</span> <span class='ocrx_word' id='word_1_90' title='bbox 1052 1289 1246 1331; x_wconf 88' lang='lat' dir='ltr'>stamina</span> <span class='ocrx_word' id='word_1_91' title='bbox 1268 1288 1400 1338; x_wconf 86' lang='lat' dir='ltr'>vitae,</span> 
     </span>
     <span class='ocr_line' id='line_1_17' title="bbox 338 1358 1257 1413; baseline 0.002 -15"><span class='ocrx_word' id='word_1_92' title='bbox 338 1358 552 1400; x_wconf 89' lang='lat' dir='ltr'>Feminea</span> <span class='ocrx_word' id='word_1_93' title='bbox 575 1358 714 1400; x_wconf 89' lang='lat' dir='ltr'>discet</span> <span class='ocrx_word' id='word_1_94' title='bbox 738 1373 826 1400; x_wconf 91' lang='lat' dir='ltr'>non</span> <span class='ocrx_word' id='word_1_95' title='bbox 850 1374 962 1413; x_wconf 89' lang='lat' dir='ltr'>opus</span> <span class='ocrx_word' id='word_1_96' title='bbox 985 1373 1082 1400; x_wconf 87' lang='lat' dir='ltr'>esse</span> <span class='ocrx_word' id='word_1_97' title='bbox 1105 1372 1257 1400; x_wconf 89' lang='lat' dir='ltr'>manu.</span> 
     </span>
     <span class='ocr_line' id='line_1_18' title="bbox 281 1426 1429 1482; baseline 0 -15"><span class='ocrx_word' id='word_1_98' title='bbox 281 1426 422 1476; x_wconf 87' lang='lat' dir='ltr'>Haec,</span> <span class='ocrx_word' id='word_1_99' title='bbox 448 1428 698 1482; x_wconf 91' lang='lat' dir='ltr'>Onoporde,</span> <span class='ocrx_word' id='word_1_100' title='bbox 723 1427 803 1470; x_wconf 87' lang='lat' dir='ltr'>tibi</span> <span class='ocrx_word' id='word_1_101' title='bbox 826 1429 1012 1470; x_wconf 92' lang='lat' dir='ltr'>debetur</span> <span class='ocrx_word' id='word_1_102' title='bbox 1034 1429 1220 1470; x_wconf 88' lang='lat' dir='ltr'>adorea:</span> <span class='ocrx_word' id='word_1_103' title='bbox 1256 1426 1429 1475; x_wconf 48' lang='lat' dir='ltr'>messia</span> 
     </span>
     <span class='ocr_line' id='line_1_19' title="bbox 339 1496 1468 1551; baseline -0.001 -14"><span class='ocrx_word' id='word_1_104' title='bbox 339 1497 484 1551; x_wconf 85' lang='lat' dir='ltr'>Quam</span> <span class='ocrx_word' id='word_1_105' title='bbox 509 1496 703 1551; x_wconf 88' lang='lat' dir='ltr'>petimus</span> <span class='ocrx_word' id='word_1_106' title='bbox 726 1511 895 1546; x_wconf 88' lang='lat' dir='ltr'>manes,</span> <span class='ocrx_word' id='word_1_107' title='bbox 919 1497 1031 1538; x_wconf 87' lang='lat' dir='ltr'>falce</span> <span class='ocrx_word' id='word_1_108' title='bbox 1055 1498 1264 1538; x_wconf 88' lang='lat' dir='ltr'>metenda</span> <span class='ocrx_word' id='word_1_109' title='bbox 1286 1503 1364 1538; x_wconf 93' lang='lat' dir='ltr'>tua</span> <span class='ocrx_word' id='word_1_110' title='bbox 1386 1503 1468 1537; x_wconf 88' lang='lat' dir='ltr'>est.</span> 
     </span>
     <span class='ocr_line' id='line_1_20' title="bbox 280 1566 1279 1620; baseline 0.001 -13"><span class='ocrx_word' id='word_1_111' title='bbox 280 1566 379 1620; x_wconf 85' lang='lat' dir='ltr'>Quo</span> <span class='ocrx_word' id='word_1_112' title='bbox 400 1567 521 1608; x_wconf 85' lang='lat' dir='ltr'>furor</span> <span class='ocrx_word' id='word_1_113' title='bbox 542 1574 609 1608; x_wconf 90' lang='lat' dir='ltr'>est</span> <span class='ocrx_word' id='word_1_114' title='bbox 634 1567 788 1616; x_wconf 90' lang='lat' dir='ltr'>maior,</span> <span class='ocrx_word' id='word_1_115' title='bbox 813 1574 941 1609; x_wconf 89' lang='lat' dir='ltr'>tanto</span> <span class='ocrx_word' id='word_1_116' title='bbox 963 1566 1135 1608; x_wconf 83' lang='lat' dir='ltr'>felicius</span> <span class='ocrx_word' id='word_1_117' title='bbox 1163 1568 1279 1609; x_wconf 86' lang='lat' dir='ltr'>Orco</span> 
     </span>
     <span class='ocr_line' id='line_1_21' title="bbox 336 1635 1912 1691; baseline -0.002 -14"><span class='ocrx_word' id='word_1_118' title='bbox 336 1637 453 1677; x_wconf 86' lang='lat' dir='ltr'>Arva</span> <span class='ocrx_word' id='word_1_119' title='bbox 476 1643 642 1677; x_wconf 90' lang='lat' dir='ltr'>metes:</span> <span class='ocrx_word' id='word_1_120' title='bbox 677 1635 851 1677; x_wconf 91' lang='lat' dir='ltr'>animos</span> <span class='ocrx_word' id='word_1_121' title='bbox 874 1642 1071 1691; x_wconf 87' lang='lat' dir='ltr'>praestat</span> <span class='ocrx_word' id='word_1_122' title='bbox 1095 1642 1137 1677; x_wconf 87' lang='lat' dir='ltr'>et</span> <span class='ocrx_word' id='word_1_123' title='bbox 1160 1650 1285 1677; x_wconf 86' lang='lat' dir='ltr'>arma</span> <span class='ocrx_word' id='word_1_124' title='bbox 1307 1635 1440 1676; x_wconf 84' lang='lat' dir='ltr'>furor.</span> <span class='ocrx_word' id='word_1_125' title='bbox 1830 1646 1912 1674; x_wconf 90' lang='lat'>210</span> 
     </span>
     <span class='ocr_line' id='line_1_22' title="bbox 280 1705 1550 1759; baseline 0 -13"><span class='ocrx_word' id='word_1_126' title='bbox 280 1706 400 1759; x_wconf 84' lang='lat' dir='ltr'>Ergo</span> <span class='ocrx_word' id='word_1_127' title='bbox 423 1719 518 1759; x_wconf 86' lang='lat' dir='ltr'>age,</span> <span class='ocrx_word' id='word_1_128' title='bbox 544 1719 674 1759; x_wconf 86' lang='lat' dir='ltr'>carpe</span> <span class='ocrx_word' id='word_1_129' title='bbox 696 1705 831 1755; x_wconf 83' lang='lat' dir='ltr'>viam,</span> <span class='ocrx_word' id='word_1_130' title='bbox 857 1720 1041 1759; x_wconf 87' lang='lat' dir='ltr'>superas</span> <span class='ocrx_word' id='word_1_131' title='bbox 1065 1719 1178 1759; x_wconf 90' lang='lat' dir='ltr'>quae</span> <span class='ocrx_word' id='word_1_132' title='bbox 1200 1705 1322 1746; x_wconf 90' lang='lat' dir='ltr'>ducit</span> <span class='ocrx_word' id='word_1_133' title='bbox 1346 1706 1400 1746; x_wconf 89' lang='lat' dir='ltr'>ad</span> <span class='ocrx_word' id='word_1_134' title='bbox 1424 1718 1550 1753; x_wconf 81' lang='lat' dir='ltr'>oras3</span> 
     </span>
     <span class='ocr_line' id='line_1_23' title="bbox 338 1774 1449 1828; baseline -0.001 -12"><span class='ocrx_word' id='word_1_135' title='bbox 338 1775 425 1817; x_wconf 90' lang='lat' dir='ltr'>Hic</span> <span class='ocrx_word' id='word_1_136' title='bbox 449 1774 682 1816; x_wconf 88' lang='lat' dir='ltr'>hominum</span> <span class='ocrx_word' id='word_1_137' title='bbox 706 1782 906 1816; x_wconf 88' lang='lat' dir='ltr'>occurret</span> <span class='ocrx_word' id='word_1_138' title='bbox 930 1776 1068 1817; x_wconf 91' lang='lat' dir='ltr'>densa</span> <span class='ocrx_word' id='word_1_139' title='bbox 1091 1776 1284 1816; x_wconf 90' lang='lat' dir='ltr'>secanda</span> <span class='ocrx_word' id='word_1_140' title='bbox 1307 1789 1449 1828; x_wconf 80' lang='lat' dir='ltr'>seges.</span> 
     </span>
     <span class='ocr_line' id='line_1_24' title="bbox 279 1842 1544 1894; baseline -0.002 -8"><span class='ocrx_word' id='word_1_141' title='bbox 279 1845 380 1886; x_wconf 91' lang='lat' dir='ltr'>Non</span> <span class='ocrx_word' id='word_1_142' title='bbox 403 1851 556 1886; x_wconf 85' lang='lat' dir='ltr'>tamen</span> <span class='ocrx_word' id='word_1_143' title='bbox 579 1850 661 1894; x_wconf 89' lang='lat' dir='ltr'>est,</span> <span class='ocrx_word' id='word_1_144' title='bbox 686 1843 806 1886; x_wconf 92' lang='lat' dir='ltr'>dubii</span> <span class='ocrx_word' id='word_1_145' title='bbox 831 1851 878 1886; x_wconf 94' lang='lat' dir='ltr'>ut</span> <span class='ocrx_word' id='word_1_146' title='bbox 901 1851 1048 1886; x_wconf 89' lang='lat' dir='ltr'>tentes</span> <span class='ocrx_word' id='word_1_147' title='bbox 1071 1843 1329 1886; x_wconf 89' lang='lat' dir='ltr'>discrimina</span> <span class='ocrx_word' id='word_1_148' title='bbox 1358 1842 1544 1885; x_wconf 81' lang='lat' dir='ltr'>Martis:</span> 
     </span>
     <span class='ocr_line' id='line_1_25' title="bbox 334 1911 1246 1967; baseline -0.001 -13"><span class='ocrx_word' id='word_1_149' title='bbox 334 1914 440 1954; x_wconf 85' lang='lat' dir='ltr'>Arte</span> <span class='ocrx_word' id='word_1_150' title='bbox 463 1927 575 1967; x_wconf 90' lang='lat' dir='ltr'>opus</span> <span class='ocrx_word' id='word_1_151' title='bbox 598 1919 679 1962; x_wconf 88' lang='lat' dir='ltr'>est,</span> <span class='ocrx_word' id='word_1_152' title='bbox 704 1919 802 1954; x_wconf 90' lang='lat' dir='ltr'>tuto</span> <span class='ocrx_word' id='word_1_153' title='bbox 826 1912 861 1954; x_wconf 90' lang='lat' dir='ltr'>si</span> <span class='ocrx_word' id='word_1_154' title='bbox 880 1912 1080 1967; x_wconf 87' lang='lat' dir='ltr'>iugulare</span> <span class='ocrx_word' id='word_1_155' title='bbox 1103 1911 1246 1967; x_wconf 79' lang='lat' dir='ltr'>cupis,</span> 
     </span>
     <span class='ocr_line' id='line_1_26' title="bbox 277 1981 1256 2037; baseline -0.001 -13"><span class='ocrx_word' id='word_1_156' title='bbox 277 1983 382 2024; x_wconf 81' lang='lat' dir='ltr'>Arte</span> <span class='ocrx_word' id='word_1_157' title='bbox 404 1982 600 2024; x_wconf 87' lang='lat' dir='ltr'>irretitas</span> <span class='ocrx_word' id='word_1_158' title='bbox 622 1981 852 2037; x_wconf 88' lang='lat' dir='ltr'>deprendit</span> <span class='ocrx_word' id='word_1_159' title='bbox 875 1997 1038 2024; x_wconf 84' lang='lat' dir='ltr'>aranea</span> <span class='ocrx_word' id='word_1_160' title='bbox 1062 1997 1256 2031; x_wconf 90' lang='lat' dir='ltr'>muscas,</span> 
     </span>
     <span class='ocr_line' id='line_1_27' title="bbox 334 2051 1357 2094; baseline 0 -2"><span class='ocrx_word' id='word_1_161' title='bbox 334 2053 440 2094; x_wconf 88' lang='lat' dir='ltr'>Arte</span> <span class='ocrx_word' id='word_1_162' title='bbox 461 2051 580 2094; x_wconf 89' lang='lat' dir='ltr'>ferae</span> <span class='ocrx_word' id='word_1_163' title='bbox 602 2051 848 2094; x_wconf 89' lang='lat' dir='ltr'>immanes:</span> <span class='ocrx_word' id='word_1_164' title='bbox 883 2059 977 2094; x_wconf 88' lang='lat' dir='ltr'>arte</span> <span class='ocrx_word' id='word_1_165' title='bbox 1000 2059 1218 2093; x_wconf 89' lang='lat' dir='ltr'>necantur</span> <span class='ocrx_word' id='word_1_166' title='bbox 1239 2066 1357 2094; x_wconf 87' lang='lat' dir='ltr'>aves.</span> 
     </span>
     <span class='ocr_line' id='line_1_28' title="bbox 279 2120 1487 2176; baseline 0 -14"><span class='ocrx_word' id='word_1_167' title='bbox 279 2121 439 2163; x_wconf 90' lang='lat' dir='ltr'>Inclita</span> <span class='ocrx_word' id='word_1_168' title='bbox 461 2135 579 2163; x_wconf 90' lang='lat' dir='ltr'>nunc</span> <span class='ocrx_word' id='word_1_169' title='bbox 603 2136 675 2163; x_wconf 85' lang='lat' dir='ltr'>ars</span> <span class='ocrx_word' id='word_1_170' title='bbox 697 2129 791 2163; x_wconf 89' lang='lat' dir='ltr'>est:</span> <span class='ocrx_word' id='word_1_171' title='bbox 827 2121 1011 2176; x_wconf 90' lang='lat' dir='ltr'>Superis</span> <span class='ocrx_word' id='word_1_172' title='bbox 1034 2120 1256 2164; x_wconf 89' lang='lat' dir='ltr'>medicina</span> <span class='ocrx_word' id='word_1_173' title='bbox 1277 2128 1487 2163; x_wconf 90' lang='lat' dir='ltr'>vocatur:</span> 
     </span>
     <span class='ocr_line' id='line_1_29' title="bbox 337 2190 1504 2245; baseline 0 -13"><span class='ocrx_word' id='word_1_174' title='bbox 337 2192 437 2233; x_wconf 92' lang='lat' dir='ltr'>Hac</span> <span class='ocrx_word' id='word_1_175' title='bbox 459 2205 583 2245; x_wconf 88' lang='lat' dir='ltr'>opus,</span> <span class='ocrx_word' id='word_1_176' title='bbox 606 2191 716 2233; x_wconf 90' lang='lat' dir='ltr'>haec</span> <span class='ocrx_word' id='word_1_177' title='bbox 739 2191 972 2232; x_wconf 89' lang='lat' dir='ltr'>hominum</span> <span class='ocrx_word' id='word_1_178' title='bbox 997 2190 1256 2233; x_wconf 85' lang='lat' dir='ltr'>carnificina</span> <span class='ocrx_word' id='word_1_179' title='bbox 1279 2205 1401 2233; x_wconf 86' lang='lat' dir='ltr'>mera</span> <span class='ocrx_word' id='word_1_180' title='bbox 1422 2197 1504 2232; x_wconf 89' lang='lat' dir='ltr'>est.</span> 
     </span>
     <span class='ocr_line' id='line_1_30' title="bbox 282 2259 1390 2315; baseline 0.001 -14"><span class='ocrx_word' id='word_1_181' title='bbox 282 2260 360 2301; x_wconf 86' lang='lat' dir='ltr'>Bis</span> <span class='ocrx_word' id='word_1_182' title='bbox 381 2260 524 2302; x_wconf 91' lang='lat' dir='ltr'>tribus</span> <span class='ocrx_word' id='word_1_183' title='bbox 547 2260 630 2302; x_wconf 89' lang='lat' dir='ltr'>hac</span> <span class='ocrx_word' id='word_1_184' title='bbox 653 2260 757 2301; x_wconf 91' lang='lat' dir='ltr'>olim</span> <span class='ocrx_word' id='word_1_185' title='bbox 783 2260 943 2302; x_wconf 90' lang='lat' dir='ltr'>saeclis</span> <span class='ocrx_word' id='word_1_186' title='bbox 969 2275 1150 2302; x_wconf 90' lang='lat' dir='ltr'>caruere</span> <span class='ocrx_word' id='word_1_187' title='bbox 1179 2259 1390 2315; x_wconf 83' lang='lat' dir='ltr'>QuiriteS‚</span> 
     </span>
     <span class='ocr_line' id='line_1_31' title="bbox 337 2329 1910 2384; baseline -0.002 -12"><span class='ocrx_word' id='word_1_188' title='bbox 337 2331 457 2372; x_wconf 91' lang='lat' dir='ltr'>Dum</span> <span class='ocrx_word' id='word_1_189' title='bbox 480 2336 657 2384; x_wconf 90' lang='lat' dir='ltr'>caperet</span> <span class='ocrx_word' id='word_1_190' title='bbox 680 2329 799 2372; x_wconf 88' lang='lat' dir='ltr'>cives</span> <span class='ocrx_word' id='word_1_191' title='bbox 825 2329 989 2372; x_wconf 87' lang='lat' dir='ltr'>Martia</span> <span class='ocrx_word' id='word_1_192' title='bbox 1014 2332 1160 2372; x_wconf 88' lang='lat' dir='ltr'>Roma</span> <span class='ocrx_word' id='word_1_193' title='bbox 1183 2344 1302 2372; x_wconf 90' lang='lat' dir='ltr'>suos.</span> <span class='ocrx_word' id='word_1_194' title='bbox 1828 2340 1910 2369; x_wconf 89' lang='lat'>220</span> 
     </span>
     <span class='ocr_line' id='line_1_32' title="bbox 275 2398 1297 2453; baseline -0.001 -12"><span class='ocrx_word' id='word_1_195' title='bbox 275 2400 356 2441; x_wconf 90' lang='lat' dir='ltr'>Ast</span> <span class='ocrx_word' id='word_1_196' title='bbox 381 2398 455 2441; x_wconf 89' lang='lat' dir='ltr'>ubi</span> <span class='ocrx_word' id='word_1_197' title='bbox 477 2398 708 2440; x_wconf 85' lang='lat' dir='ltr'>luxurians</span> <span class='ocrx_word' id='word_1_198' title='bbox 730 2399 867 2441; x_wconf 83' lang='lat' dir='ltr'>crevit</span> <span class='ocrx_word' id='word_1_199' title='bbox 894 2399 1116 2441; x_wconf 87' lang='lat' dir='ltr'>Mavortia</span> <span class='ocrx_word' id='word_1_200' title='bbox 1138 2399 1297 2453; x_wconf 90' lang='lat' dir='ltr'>proles,</span> 
     </span>
     <span class='ocr_line' id='line_1_33' title="bbox 334 2467 1319 2522; baseline 0 -14"><span class='ocrx_word' id='word_1_201' title='bbox 334 2469 417 2509; x_wconf 77' lang='lat' dir='ltr'>Ars</span> <span class='ocrx_word' id='word_1_202' title='bbox 439 2468 549 2509; x_wconf 88' lang='lat' dir='ltr'>haec</span> <span class='ocrx_word' id='word_1_203' title='bbox 572 2467 615 2509; x_wconf 87' lang='lat' dir='ltr'>in</span> <span class='ocrx_word' id='word_1_204' title='bbox 639 2467 786 2510; x_wconf 89' lang='lat' dir='ltr'>media</span> <span class='ocrx_word' id='word_1_205' title='bbox 809 2467 1002 2522; x_wconf 87' lang='lat' dir='ltr'>repperit</span> <span class='ocrx_word' id='word_1_206' title='bbox 1027 2469 1133 2510; x_wconf 87' lang='lat' dir='ltr'>urbe</span> <span class='ocrx_word' id='word_1_207' title='bbox 1156 2467 1319 2510; x_wconf 92' lang='lat' dir='ltr'>locum.</span> 
     </span>
     <span class='ocr_line' id='line_1_34' title="bbox 276 2535 1231 2586; baseline 0.001 -9"><span class='ocrx_word' id='word_1_208' title='bbox 276 2535 454 2578; x_wconf 86' lang='lat' dir='ltr'>Scilicet</span> <span class='ocrx_word' id='word_1_209' title='bbox 479 2545 525 2577; x_wconf 91' lang='lat' dir='ltr'>ut</span> <span class='ocrx_word' id='word_1_210' title='bbox 549 2535 687 2577; x_wconf 90' lang='lat' dir='ltr'>nimio</span> <span class='ocrx_word' id='word_1_211' title='bbox 710 2536 951 2578; x_wconf 87' lang='lat' dir='ltr'>silvescens</span> <span class='ocrx_word' id='word_1_212' title='bbox 974 2536 1103 2578; x_wconf 89' lang='lat' dir='ltr'>vinea</span> <span class='ocrx_word' id='word_1_213' title='bbox 1124 2536 1231 2586; x_wconf 87' lang='lat' dir='ltr'>fetu,</span> 
     </span>
     <span class='ocr_line' id='line_1_35' title="bbox 334 2604 1339 2659; baseline 0 -13"><span class='ocrx_word' id='word_1_214' title='bbox 334 2604 406 2646; x_wconf 91' lang='lat' dir='ltr'>Sic</span> <span class='ocrx_word' id='word_1_215' title='bbox 428 2605 545 2658; x_wconf 90' lang='lat' dir='ltr'>pube</span> <span class='ocrx_word' id='word_1_216' title='bbox 567 2618 827 2646; x_wconf 87' lang='lat' dir='ltr'>excrescens</span> <span class='ocrx_word' id='word_1_217' title='bbox 853 2606 997 2646; x_wconf 90' lang='lat' dir='ltr'>Roma</span> <span class='ocrx_word' id='word_1_218' title='bbox 1020 2606 1219 2659; x_wconf 89' lang='lat' dir='ltr'>putanda</span> <span class='ocrx_word' id='word_1_219' title='bbox 1241 2604 1339 2646; x_wconf 82' lang='lat' dir='ltr'>fuit.</span> 
     </span>
     <span class='ocr_line' id='line_1_36' title="bbox 278 2671 1524 2725; baseline -0.002 -11"><span class='ocrx_word' id='word_1_220' title='bbox 278 2674 410 2714; x_wconf 91' lang='lat' dir='ltr'>Hanc</span> <span class='ocrx_word' id='word_1_221' title='bbox 433 2679 575 2714; x_wconf 89' lang='lat' dir='ltr'>artem</span> <span class='ocrx_word' id='word_1_222' title='bbox 599 2672 788 2721; x_wconf 90' lang='lat' dir='ltr'>simula;</span> <span class='ocrx_word' id='word_1_223' title='bbox 823 2674 993 2715; x_wconf 88' lang='lat' dir='ltr'>caudex</span> <span class='ocrx_word' id='word_1_224' title='bbox 1019 2673 1137 2722; x_wconf 87' lang='lat' dir='ltr'>licet,</span> <span class='ocrx_word' id='word_1_225' title='bbox 1162 2679 1258 2714; x_wconf 91' lang='lat' dir='ltr'>esto</span> <span class='ocrx_word' id='word_1_226' title='bbox 1286 2671 1524 2725; x_wconf 79' lang='lat' dir='ltr'>magister:</span> 
     </span>
     <span class='ocr_line' id='line_1_37' title="bbox 333 2741 1302 2796; baseline -0.001 -13"><span class='ocrx_word' id='word_1_227' title='bbox 333 2741 493 2784; x_wconf 92' lang='lat' dir='ltr'>Omnis</span> <span class='ocrx_word' id='word_1_228' title='bbox 515 2741 748 2796; x_wconf 88' lang='lat' dir='ltr'>Apollinea</span> <span class='ocrx_word' id='word_1_229' title='bbox 772 2741 828 2783; x_wconf 90' lang='lat' dir='ltr'>sit</span> <span class='ocrx_word' id='word_1_230' title='bbox 852 2742 1004 2796; x_wconf 90' lang='lat' dir='ltr'>procul</span> <span class='ocrx_word' id='word_1_231' title='bbox 1029 2749 1124 2784; x_wconf 90' lang='lat' dir='ltr'>arte</span> <span class='ocrx_word' id='word_1_232' title='bbox 1147 2742 1302 2796; x_wconf 90' lang='lat' dir='ltr'>pudor.</span> 
     </span>
     <span class='ocr_line' id='line_1_38' title="bbox 277 2809 1480 2860; baseline -0.001 -8"><span class='ocrx_word' id='word_1_233' title='bbox 277 2811 482 2853; x_wconf 88' lang='lat' dir='ltr'>Phoebus</span> <span class='ocrx_word' id='word_1_234' title='bbox 504 2811 603 2860; x_wconf 85' lang='lat' dir='ltr'>eris,</span> <span class='ocrx_word' id='word_1_235' title='bbox 628 2811 747 2853; x_wconf 87' lang='lat' dir='ltr'>notis</span> <span class='ocrx_word' id='word_1_236' title='bbox 769 2813 873 2853; x_wconf 89' lang='lat' dir='ltr'>dare</span> <span class='ocrx_word' id='word_1_237' title='bbox 897 2812 1085 2853; x_wconf 87' lang='lat' dir='ltr'>barbara</span> <span class='ocrx_word' id='word_1_238' title='bbox 1108 2811 1290 2853; x_wconf 90' lang='lat' dir='ltr'>nomina</span> <span class='ocrx_word' id='word_1_239' title='bbox 1313 2809 1480 2852; x_wconf 89' lang='lat' dir='ltr'>morbis</span> 
     </span>
     <span class='ocr_line' id='line_1_39' title="bbox 332 2880 1220 2934; baseline 0.001 -13"><span class='ocrx_word' id='word_1_240' title='bbox 332 2880 377 2921; x_wconf 87' lang='lat' dir='ltr'>Si</span> <span class='ocrx_word' id='word_1_241' title='bbox 401 2887 541 2934; x_wconf 89' lang='lat' dir='ltr'>potes,</span> <span class='ocrx_word' id='word_1_242' title='bbox 565 2886 607 2922; x_wconf 91' lang='lat' dir='ltr'>et</span> <span class='ocrx_word' id='word_1_243' title='bbox 631 2880 792 2934; x_wconf 89' lang='lat' dir='ltr'>stirpes</span> <span class='ocrx_word' id='word_1_244' title='bbox 814 2895 1073 2923; x_wconf 89' lang='lat' dir='ltr'>enumerare</span> <span class='ocrx_word' id='word_1_245' title='bbox 1096 2882 1220 2922; x_wconf 88' lang='lat' dir='ltr'>duas.</span> 
     </span>
    </p>
   </div>
   <div class='ocr_carea' id='block_1_5' title="bbox 260 2964 1746 3007">
    <p class='ocr_par' dir='ltr' id='par_1_5' title="bbox 260 2964 1746 3007">
     <span class='ocr_line' id='line_1_40' title="bbox 260 2964 1746 3007; baseline -0.001 -12"><span class='ocrx_word' id='word_1_246' title='bbox 260 2973 332 2995; x_wconf 83' lang='lat'>200.</span> <span class='ocrx_word' id='word_1_247' title='bbox 356 2964 495 2996; x_wconf 86' lang='lat' dir='ltr'>Viscere</span> <span class='ocrx_word' id='word_1_248' title='bbox 511 2964 620 3005; x_wconf 84' lang='lat' dir='ltr'>pascit</span> <span class='ocrx_word' id='word_1_249' title='bbox 637 2967 764 3005; x_wconf 86' lang='lat' dir='ltr'>avem.]</span> <span class='ocrx_word' id='word_1_250' title='bbox 810 2965 932 3007; x_wconf 87' lang='lat' dir='ltr'>Tityos</span> <span class='ocrx_word' id='word_1_251' title='bbox 948 2965 1074 3005; x_wconf 84' lang='lat' dir='ltr'>(rather</span> <span class='ocrx_word' id='word_1_252' title='bbox 1091 2966 1173 2997; x_wconf 87' lang='lat' dir='ltr'>than</span> <span class='ocrx_word' id='word_1_253' title='bbox 1193 2965 1429 3003; x_wconf 77' lang='lat' dir='ltr'>Prometheus)</span> <span class='ocrx_word' id='word_1_254' title='bbox 1447 2965 1513 2995; x_wconf 86' lang='lat' dir='ltr'>and</span> <span class='ocrx_word' id='word_1_255' title='bbox 1531 2964 1587 2995; x_wconf 87' lang='lat' dir='ltr'>the</span> <span class='ocrx_word' id='word_1_256' title='bbox 1605 2964 1746 2995; x_wconf 74' lang='lat' dir='ltr'>vulture.</span> 
     </span>
    </p>
   </div>
  </div>
 </body>
</html>
