2594 3749
695 331 776 372 160
1475 344 1717 377 PARERGA.

866 459 922 501 Se
945 474 1082 514 prope
1103 460 1220 503 farra
1242 460 1398 503 videns
1420 461 1544 516 plebs
1566 461 1717 512 esurit,
1743 476 1908 516 oraque
1931 462 2099 518 passim

921 529 1051 572 Vana
1075 544 1273 581 movens,
1298 531 1477 572 dentem
1501 531 1632 572 dente
1657 531 1843 573 subinde
1865 531 1983 573 terit.

863 597 1086 641 Tantalus
1108 600 1227 642 haud
1250 599 1379 642 aliter
1399 599 1512 642 rictu
1539 600 1754 655 fugientia
1782 615 1914 655 poma

921 668 1160 719 Prensitat,
1185 676 1395 724 aggestas
1417 676 1459 711 et
1483 669 1575 711 sitit
1599 669 1714 711 inter
1735 684 1890 724 aquas.
2436 687 2490 727 30

863 738 964 780 Iure
988 738 1080 780 suis
1103 739 1273 781 Baldus
1296 739 1503 781 subducit
1527 739 1698 782 civibus
1721 754 1860 789 escas,

920 808 1019 850 Hoc
1042 815 1306 861 argumento
1330 822 1375 850 se
1397 809 1554 863 probat
1578 823 1675 850 esse
1697 808 1834 862 pium.

862 877 998 919 Pulsa
1020 877 1276 920 Caledoniis
1299 878 1467 932 pridem
1493 877 1657 920 ieiunia
1680 877 1827 932 regnis

916 946 1136 997 Vidimus,
1161 947 1280 989 illius
1302 961 1420 989 nunc
1443 954 1709 989 revocantur
1729 961 1827 1001 ope.

859 1015 1012 1058 Prisca
1034 1016 1145 1058 redit
1169 1017 1325 1070 pietas,
1351 1023 1393 1058 et
1417 1017 1541 1071 plebs
1563 1016 1838 1058 adsternitur
1866 1016 1968 1066 aris,

918 1086 1222 1139 Ingeminans‚
1246 1086 1365 1128 victu
1389 1086 1637 1136 deficiente,
1663 1100 1830 1140 preces.

858 1154 903 1196 Si
928 1155 1038 1209 perit
1062 1155 1284 1197 interdum
1307 1155 1482 1208 vulgus,
1507 1169 1562 1196 ne
1585 1155 1798 1196 contrahe
1821 1155 2027 1206 frontem,

915 1225 1041 1267 Haec
1064 1224 1251 1266 nimium
1276 1229 1448 1277 strages
1471 1223 1680 1266 utilitatis
1703 1224 1851 1266 habet.

854 1292 997 1334 Vinea
1021 1293 1241 1343 silvescet,
1265 1293 1432 1335 domini
1457 1292 1501 1334 ni
1524 1293 1636 1334 falce
1659 1299 1854 1347 putetur,

912 1363 970 1403 Et
994 1361 1079 1403 nisi
1102 1363 1331 1416 depasca8‚
1357 1361 1595 1403 luxuriabit
1619 1376 1733 1415 ager.
2427 1378 2482 1419 40

852 1432 936 1473 Ars
957 1431 1038 1473 fuit
1062 1431 1172 1473 haec
1196 1431 1301 1473 olim
1325 1431 1454 1473 terris
1477 1430 1719 1485 incognita,
1743 1431 1892 1485 fruges

912 1501 970 1542 Et
994 1499 1249 1554 cauponari,
1274 1500 1472 1542 criminis
1494 1500 1637 1542 instar
1658 1506 1763 1542 erat.

853 1570 990 1612 Farra
1013 1569 1228 1612 licebatur
1250 1570 1453 1623 populus,
1477 1570 1697 1612 vendente
1719 1569 1891 1620 colono,

912 1640 970 1681 Et
993 1653 1134 1694 penus
1156 1638 1199 1680 in
1225 1639 1369 1680 medio
1392 1638 1586 1693 prostitit
1610 1653 1741 1681 omne
1763 1639 1871 1680 foro.

852 1708 1039 1750 Institor
1061 1708 1131 1749 hic
1155 1707 1331 1762 populis
1354 1707 1601 1761 saeclisque
1628 1707 1861 1762 prioribus,
1886 1721 2016 1758 unus,

905 1777 1025 1819 Artis
1047 1783 1089 1818 et
1112 1776 1276 1830 ingenii
1300 1776 1509 1831 praeripit
1540 1790 1671 1818 omne
1693 1778 1844 1819 decus.

850 1846 1039 1888 Provida
1061 1860 1188 1887 mens
1211 1845 1273 1886 illi
1296 1852 1338 1887 et
1362 1845 1486 1887 labor
1508 1845 1737 1900 improbus
1758 1845 1875 1887 inter
1897 1852 2109 1899 agrestes,

907 1915 1085 1957 Pleiade
1107 1914 1179 1956 vix
1201 1921 1312 1964 orta,
1337 1928 1424 1956 non
1448 1929 1529 1956 sua
1551 1929 1653 1956 rura
1676 1914 1819 1956 metit.

847 1984 920 2027 Sic
943 1984 1104 2025 hiemis
1125 1983 1308 2025 formica
1331 1998 1501 2025 memor
1523 1983 1734 2038 compilat
1758 1983 1934 2035 aristas,

905 2053 977 2095 Sic
998 2053 1169 2107 thyma,
1194 2052 1256 2094 sic
1279 2052 1389 2094 caeli
1412 2059 1566 2094 nectar
1587 2059 1764 2095 acervat
1787 2052 1899 2107 apis.
2418 2066 2471 2108 50

846 2123 947 2163 Non
971 2128 1122 2163 tamen
1145 2121 1338 2163 externis
1361 2120 1432 2162 hic
1459 2121 1758 2163 frumentatur
1779 2120 1823 2162 in
1847 2121 1950 2171 oris,

902 2191 1073 2233 Obruat
1096 2190 1325 2244 aequoreis
1348 2204 1402 2231 ne
1425 2189 1498 2244 pia
1519 2189 1635 2232 farra
1657 2189 1797 2231 vadis.

844 2258 1014 2301 Sufficit
1038 2258 1285 2300 incolumes
1308 2258 1368 2299 illi
1391 2257 1551 2300 vicinia
1575 2272 1759 2308 merces,

902 2329 995 2370 Nec
1018 2328 1113 2370 leve
1134 2327 1323 2381 vectigal
1347 2326 1547 2381 proxima
1569 2326 1721 2381 pendit
1744 2326 1922 2368 humus.

842 2397 1093 2439 Praestinat
1117 2397 1240 2445 haec,
1265 2396 1427 2450 inquis,
1450 2402 1604 2437 tenera
1625 2397 1731 2437 dum
1755 2395 1914 2437 messis
1935 2395 1979 2436 in
2002 2396 2139 2438 herba
2161 2403 2226 2438 est
2246 2396 2263 2438 ?

898 2467 1014 2522 Quid
1037 2467 1191 2509 vetat?
1225 2466 1476 2520 exemplum
1500 2465 1701 2519 praebuit
1726 2471 1828 2506 ante
1852 2465 2029 2507 Thales.

842 2536 929 2577 Hic
951 2536 1148 2577 nondum
1172 2534 1347 2588 genitas
1368 2534 1506 2576 fertur
1531 2533 1729 2575 licitatus
1752 2533 1906 2583 olivas,

898 2605 956 2646 Et
981 2609 1257 2645 mercaturae
1280 2602 1441 2644 nobilis
1463 2609 1618 2645 auctor
1639 2608 1748 2644 erat.

777 2787 830 2825 48.
856 2784 992 2817 Pleiade
1008 2784 1063 2815 vix
1079 2785 1180 2825 orta]
1233 2783 1365 2816 Hesiod
1391 2783 1523 2826 (opera,
1543 2783 1565 2814 l.
1582 2782 1658 2825 383)
1684 2782 1800 2815 makes
1824 2782 1881 2814 the
1904 2782 1969 2814 rise
1993 2782 2032 2814 of
2050 2782 2107 2814 the
2133 2782 2266 2814 Pleiads
2290 2782 2347 2814 the
2371 2792 2462 2815 com-

661 2845 876 2872 mencement
891 2839 932 2871 of
941 2839 1092 2880 reaping.

776 2895 826 2933 56.
852 2893 1008 2933 Thales.]
1051 2893 1116 2931 i.c.‚
1141 2893 1180 2924 of
1201 2893 1349 2925 Miletus,
1401 2893 1550 2924 Famous
1574 2898 1666 2933 story
1690 2902 1728 2923 as
1744 2897 1779 2923 to
1795 2891 1847 2922 his
1865 2891 2034 2933 prevision
2059 2891 2099 2923 of
2117 2901 2136 2922 a
2161 2890 2227 2922 fine
2248 2891 2293 2923 oil
2318 2901 2458 2923 season:

661 2960 717 2980 see
733 2948 835 2989 Diog.
854 2949 967 2985 Laer.,
986 2948 1011 2981 1.
1035 2949 1120 2979 1·26.
