2594 3749
691 308 771 349 124
1466 306 1707 339 PARERGA.

863 423 948 465 Sed
971 437 1114 478 neque
1135 424 1382 478 gemmiferi
1406 424 1514 466 mihi
1530 425 1565 467 si
1588 425 1698 468 fluat
1721 425 1874 467 alveus
1898 424 2013 475 Indi,

920 492 979 534 Et
1002 492 1171 548 Tagus,
1195 494 1298 536 hinc
1319 495 1444 537 vobis
1466 496 1582 537 dona
1604 496 1801 549 paranda
1823 501 1946 549 puto.

864 560 996 603 Plebs
1018 562 1111 604 sitit
1134 563 1244 605 haec
1267 578 1448 605 amens:
1482 563 1645 605 animis
1667 563 1935 605 caelestibus
1957 577 2114 606 aurum

920 631 1093 680 Sordet,
1117 639 1160 674 et
1186 633 1308 674 ane
1331 632 1636 688 despiciuntur
1657 647 1778 687 opes.

863 699 975 754 Spes
997 708 1090 743 erat
1113 701 1157 742 in
1183 701 1341 752 Musis,
1365 707 1407 744 et
1431 701 1519 744 iam
1543 701 1761 756 placitura
1785 700 1986 755 patronis

920 769 1184 824 Sumpserat
1207 770 1397 812 Aoniam
1422 770 1652 825 Calliopea
1675 770 1850 825 chelyn.

864 837 1072 880 Phoebus
1094 846 1139 880 at
1163 840 1390 889 adversus,
1417 839 1561 881 Pariis
1584 839 1687 893 quid
1709 839 1909 893 rupibus,
1933 837 2090 892 inquit,

923 907 1162 958 Marmora,
1188 908 1291 962 quid
1317 909 1528 950 Paestum
1554 907 1697 949 mittis
1720 908 1868 962 inepte
1892 907 2051 948 rosas?
2433 919 2488 960 30

865 975 963 1016 Hos
986 990 1122 1030 penes
1144 983 1226 1026 est,
1251 976 1459 1030 quicquid
1482 978 1557 1018 dat
1581 976 1776 1019 Castalis
1799 977 1931 1026 unda,
1956 989 2036 1018 nec
2067 975 2144 1017 ulli

922 1043 1104 1086 Plenius
1127 1059 1179 1087 ex
1201 1045 1287 1087 isto
1309 1045 1430 1086 fonte
1453 1044 1665 1087 bibuntur
1687 1059 1844 1099 aquae.

864 1113 1055 1155 Paeonis
1077 1127 1149 1155 ars
1172 1120 1387 1168 superest,
1412 1113 1547 1155 studii
1572 1127 1714 1168 genus
1738 1113 1872 1162 utile3
1906 1112 2031 1156 vobis

922 1183 1008 1224 Sed
1031 1183 1182 1237 procul
1205 1183 1334 1225 istius
1357 1183 1429 1233 sit,
1452 1198 1621 1237 precor,
1646 1197 1754 1225 usus
1776 1182 1886 1237 opis.

863 1251 1010 1294 Vivite
1031 1252 1182 1294 felices
1204 1252 1352 1306 potius
1375 1252 1669 1294 medicamine
1692 1252 1829 1303 nullo,
2588 1247 2593 1312 Ι

922 1321 1083 1363 Vestra
1105 1336 1186 1363 nec
1209 1335 1234 1364 a
1257 1321 1389 1364 dubia
1412 1323 1602 1376 pendeat
1625 1327 1719 1363 arte
1743 1321 1879 1363 salus.

865 1389 981 1444 Quid
1003 1389 1165 1431 faciam
1187 1391 1202 1431 ?
1236 1404 1409 1444 nequeo
1432 1404 1544 1444 quae
1567 1390 1736 1432 solvere
1758 1389 1923 1440 debita,
1947 1389 2075 1432 vivus

922 1459 1192 1513 Agnoscam,
1215 1465 1363 1500 vestro
1386 1466 1535 1501 certus
1557 1459 1601 1500 in
1625 1472 1725 1501 aere
1749 1458 1874 1500 mori.

693 1814 820 1855 XIX.
865 1814 947 1856 ON
988 1814 1132 1857 TWO
1174 1814 1657 1858 PETTIFOGGING
1701 1816 1891 1858 NOISY
1935 1816 2223 1866 RASCALS,
2262 1816 2343 1857 AN
2387 1816 2490 1857 AD-

867 1894 1116 1937 VOCATE
1147 1896 1278 1937 AND
1312 1896 1348 1936 A
1383 1895 1812 1938 PROCURATOR
1844 1896 2092 1949 (NEITHER
2125 1895 2338 1950 NAMED).

809 2030 893 2062 This
917 2030 945 2062 is
969 2041 989 2062 a
1013 2031 1231 2063 “Minstrel's
1255 2031 1430 2063 malison⁷’
1455 2041 1499 2062 on
1524 2038 1592 2063 two
1617 2042 1758 2073 persons
1782 2032 1966 2064 unknown.
2014 2033 2045 2064 It
2069 2032 2096 2064 is
2121 2038 2181 2065 not
2205 2033 2238 2064 in
2270 2032 2397 2064 edition
2431 2032 2492 2072 '32,

694 2084 879 2126 appearing
903 2085 974 2117 first
999 2085 1031 2116 in
1056 2086 1183 2118 edition
1206 2086 1266 2127 ⁵37.
1313 2087 1366 2117 An
1388 2096 1601 2127 anonymous
1622 2087 1743 2118 author
1760 2087 1793 2118 in
1810 2088 1876 2118 last
1895 2094 2037 2128 century
2052 2087 2239 2119 translated
2263 2087 2286 2118 it
2304 2087 2376 2118 into
2395 2098 2494 2129 prose

694 2138 761 2170 and
785 2140 868 2171 used
894 2140 918 2171 it
940 2141 1074 2181 against
1097 2151 1192 2172 some
1217 2141 1503 2182 contemporaries
1528 2141 1560 2172 in
1581 2152 1601 2173 a
1625 2142 1798 2182 pamphlet
1818 2142 1959 2173 entitled
1982 2143 2043 2173 “A
2064 2142 2240 2174 dentifrice
2264 2143 2314 2174 sor
2340 2143 2492 2174 Bucaulo

777 2218 783 2225 .
815 2195 1271 2227 Vulturno—Graxnmateus”
1297 2195 1524 2237 (Edinburgh,
1545 2198 1652 2237 1741),
1676 2196 1770 2234 with,
1796 2207 1921 2237 among
1944 2197 2041 2229 other
2065 2203 2225 2234 mottoes,
2243 2197 2300 2228 the
2317 2207 2383 2229 one
2407 2197 2491 2229 from

697 2249 834 2281 Horace
859 2250 956 2291 “Qui
973 2260 1035 2282 me
1058 2251 1248 2291 commorit,
1277 2250 1412 2282 flebit''.

1468 2402 1722 2430 ARGUMENT.

816 2476 941 2514 Brute
969 2477 1121 2523 beasts,
1142 2489 1221 2516 one
1242 2477 1310 2527 big
1329 2479 1409 2516 and
1439 2490 1517 2516 one
1547 2479 1682 2524 small,
1704 2478 1774 2517 the
1803 2491 1881 2517 one
1910 2485 1952 2517 to
1981 2479 2202 2527 engender,
2223 2479 2293 2517 the
2317 2479 2433 2517 other
2451 2484 2494 2517 to

696 2540 963 2589 manipulam,
981 2541 1208 2591 litigation;
1241 2555 1336 2592 may
1352 2543 1404 2580 all
1424 2543 1487 2580 ills
1505 2543 1552 2581 be
1571 2555 1674 2593 your
1691 2543 1759 2589 lot,
1779 2543 1989 2592 including
2005 2543 2087 2590 fire,
2104 2549 2239 2592 water,
2258 2543 2492 2592 pesfflence,

697 2606 881 2655 gallows,
903 2607 972 2646 the
992 2608 1135 2655 wheel,
1157 2608 1302 2657 whips,
1323 2609 1403 2646 and
1424 2608 1613 2646 cannibal
1634 2608 1802 2648 famine.
