2594 3749
694 365 871 397 SATIRE
903 364 970 397 ΟΝ
1006 364 1274 397 EGLISHEM.

252 484 536 539 Exemplum,
562 482 708 538 superi
731 483 848 536 quod
871 487 1189 530 monstravere,
1215 495 1478 535 sequamur;

311 554 477 595 Nostra
499 552 608 595 ratis
631 552 767 601 sidus,
792 553 907 606 quod
930 557 1123 600 tueatur,
1149 551 1298 592 habet.

250 622 439 665 Talibus
461 623 631 664 Alecto.
696 621 913 675 Reliquae
936 634 1168 662 assensere
1191 634 1389 661 sorores:

313 692 372 734 Et
396 692 542 747 placet
565 690 818 745 exemplum
843 689 1170 743 consiliumque
1193 688 1333 743 sequi.

254 762 352 817 Quo
375 768 500 803 satus
523 760 676 809 Orion,
701 760 823 801 solus
846 759 955 800 mihi
979 758 1184 813 displicet
1208 758 1382 806 humor,

308 830 567 885 Tisiphone,
592 843 680 871 non
703 836 770 871 est
793 828 864 870 hic
890 829 994 869 Iove
1017 827 1192 882 dignus,
1218 827 1295 869 ait.

251 899 408 954 Aptior
430 913 538 941 aura
559 898 696 941 foret:
731 898 849 940 vitae
871 897 997 952 vigor
1018 897 1164 939 omnis
1187 897 1231 938 in
1255 896 1331 939 illa
1354 904 1420 938 est
1439 913 1447 937 :

309 970 361 1010 In
383 968 541 1010 faciem
564 968 676 1010 verti
700 967 945 1023 quamlibet
969 967 1045 1008 illa
1068 973 1230 1021 potest.

253 1039 337 1079 Est
361 1038 484 1080 locus
507 1037 732 1087 extremis,
757 1037 908 1092 procul
933 1036 1052 1085 hinc,
1078 1035 1308 1078 subiectus
1332 1035 1486 1083 Iberis,

309 1107 538 1149 Oceanum
562 1106 683 1148 fulvo
706 1121 793 1161 qua
815 1105 970 1160 Tagus
993 1119 1124 1147 amne
1147 1105 1273 1160 petit.

255 1176 342 1218 Hic
366 1176 598 1231 Zephyrus
624 1179 720 1226 (nec
743 1190 861 1218 vana
883 1175 1026 1225 fides),
1052 1175 1147 1216 sine
1171 1173 1373 1228 coniugis
1396 1188 1479 1215 usu

310 1245 473 1300 Implet
496 1260 659 1299 equas:
695 1252 894 1300 praestat
917 1243 1120 1298 coniugis
1142 1258 1250 1286 aura
1271 1243 1404 1285 vices.

254 1316 465 1371 Quaeque
488 1314 719 1357 hominum
744 1315 883 1356 solers
905 1329 1037 1356 voces
1059 1314 1262 1356 imitatur
1284 1314 1472 1369 hyaena,

311 1385 411 1427 Hac
434 1385 596 1439 gravis,
621 1385 806 1427 alternis
829 1384 1010 1434 femina,
1036 1399 1236 1438 masque,
1262 1383 1393 1438 parit.

252 1455 398 1496 Vento
422 1469 554 1509 saepe
577 1469 699 1496 mero
721 1455 860 1496 fertur
883 1454 978 1496 sine
1000 1468 1208 1509 compare
1231 1453 1382 1508 perdix

310 1523 567 1578 Concipere,
592 1531 635 1565 et
659 1524 781 1565 nullo
805 1523 973 1565 semine
997 1523 1132 1565 cortis
1156 1538 1273 1565 aves.

252 1592 368 1649 Quid
390 1593 514 1635 faber
535 1595 762 1635 Aetnaeus
785 1592 869 1634 nisi
893 1595 1199 1635 subventanea
1223 1593 1402 1648 proles?

310 1663 366 1704 Se
389 1662 491 1704 licet
515 1663 632 1704 hunc
656 1662 770 1705 iuret
796 1664 909 1704 Iuno
933 1662 1091 1705 tulisse
1117 1662 1226 1704 Iovi.

249 1731 418 1773 Annuit
441 1731 623 1774 Alecto:
659 1746 783 1774 mora
806 1732 955 1774 nulla:
990 1732 1237 1786 prehensus
1261 1731 1440 1780 asellus,

311 1800 396 1856 Qui
419 1815 554 1855 prope
577 1801 813 1843 flumineas
835 1801 947 1843 forte
970 1801 1143 1843 iacebat
1168 1816 1322 1855 aquas.

249 1869 447 1924 Tergora
469 1870 682 1925 diripiunt
705 1870 856 1920 costis,
881 1878 1156 1925 consutaque
1181 1871 1316 1913 Dirae

309 1941 432 1981 Feno
454 1939 668 1995 implent;
701 1940 798 1983 visa
820 1948 886 1983 est
911 1941 1071 1990 bellua,
1096 1941 1241 1995 qualis
1264 1947 1373 1983 erat.

252 2010 377 2051 Haec
401 2009 474 2051 ubi
498 2009 630 2059 sicca,
654 2010 773 2052 foras
795 2012 980 2052 trudunt
1003 2018 1230 2060 tomenta3
1265 2010 1480 2052 remansit

307 2078 467 2128 Tenta,
491 2079 636 2121 tribus
658 2087 835 2121 tantum
860 2080 986 2134 pellis
1010 2087 1165 2134 aperta
1188 2080 1310 2122 locis.

252 2147 436 2198 Insidet‚
461 2163 576 2199 ecce,
601 2148 743 2191 tribus
765 2149 851 2191 tria
874 2149 1063 2204 iungens
1085 2150 1234 2192 oribus
1257 2164 1333 2192 ora

309 2216 419 2259 Dira
441 2217 576 2267 trias;
610 2218 752 2261 tribus
774 2233 796 2260 e
820 2219 1001 2261 sedibus
1024 2234 1131 2261 aura
1154 2219 1256 2261 ruit.

253 2287 356 2329 Una
378 2301 534 2329 omnes
556 2295 686 2342 rupto
710 2287 905 2330 iurasses
927 2288 1101 2331 foedere
1122 2296 1280 2331 ventos

309 2356 615 2411 Conspirasse‚
641 2357 785 2411 quatit
808 2365 963 2399 tantus
987 2361 1161 2400 Averna
1182 2359 1343 2413 fragor.

250 2426 369 2467 Aura
392 2440 524 2466 ruens
546 2425 742 2468 immane
765 2434 910 2477 sonat,
935 2442 1074 2482 pavor
1094 2435 1283 2483 occupat
1307 2429 1514 2477 umbras3

307 2494 498 2536 Tartara
521 2496 759 2537 credebant
781 2496 966 2538 fulmine
989 2504 1112 2539 tacta
1137 2497 1269 2539 Iovis.

252 2562 430 2618 Excipit
453 2563 681 2606 infandam
705 2565 833 2619 pellis
856 2566 1057 2608 subiecta
1081 2567 1313 2622 mephitim
1332 2583 1341 2609 ε

307 2632 560 2688 Clausaque
583 2641 679 2675 tum
703 2635 897 2689 primum
920 2637 1054 2677 ianua
1080 2636 1199 2678 Ditis
1221 2644 1330 2678 erat.

248 2702 369 2744 Aura
392 2702 500 2744 levis
523 2703 713 2745 laterum
737 2704 880 2746 caesis
902 2704 1076 2747 inclusa
1102 2706 1305 2748 cavernis

306 2772 510 2821 Aestuat,
534 2779 577 2814 et
598 2772 740 2815 fracto
762 2788 988 2817 murmure
1010 2775 1207 2817 claustra
1227 2776 1342 2818 ferit.

251 2840 429 2883 Scilicet
453 2841 569 2895 ignis
591 2842 722 2893 inest,
747 2857 828 2885 nec
851 2845 1012 2886 desunt
1036 2846 1252 2900 sulphura
1274 2845 1483 2894 flammis,

310 2911 369 2952 Et
393 2910 558 2952 nitrum
577 2926 586 2960 3
622 2912 858 2954 minimum
881 2913 1022 2956 flabra
1043 2915 1221 2969 vaporis
1244 2915 1424 2957 habent.

253 2979 482 3024 Murmure
504 2981 673 3030 sedato,
701 2981 835 3023 Dirae
859 2982 1081 3041 spiracula
1103 2984 1204 3026 feno

1830 368 1882 409 35

1829 551 1883 592 60

1832 1940 1886 1981 80

1827 2648 1881 2689 90
