2594 3749
599 342 681 384 300

1373 340 1616 374 PARERGA·

599 875 650 915 L.
707 876 791 915 DE
841 876 1134 918 IOHANNE
1183 878 1535 928 GORDONIO,
1580 880 1885 921 VICECOMITE
1933 891 1995 921 DE
2045 880 2289 930 MELGEIN,
2340 893 2398 922 ET

770 956 989 998 IOHANNE
1023 959 1276 1000 GORDONIO
1314 971 1377 1000 DE
1416 961 1674 1001 ROTHIMAY
1707 971 1754 1001 IN
1788 972 1909 1002 ARCE
1942 960 2251 1002 FRENDRIACA
2283 973 2397 1003 COM-

769 1047 952 1078 BUSTIS.

768 1174 860 1214 Vos
883 1174 1076 1228 supremi
1101 1174 1239 1228 ignes,
1264 1182 1551 1230 extremaque
1575 1175 1745 1218 lumina
1769 1177 1938 1227 mundi,

769 1242 1091 1296 In'somnesque
1113 1243 1248 1293 faces,
1273 1251 1315 1286 et
1338 1251 1476 1299 ponto
1503 1244 1655 1286 nescia
1682 1246 1821 1299 mergi

770 1311 937 1360 Sidera,
963 1318 1163 1353 mutatae
1187 1320 1480 1355 monumenta
1503 1313 1715 1368 perennia
1737 1314 1921 1365 formae,

770 1380 936 1433 Magna
959 1379 1190 1434 minorque
1212 1381 1345 1430 ferae,
1370 1389 1610 1436 custosque
1635 1383 1990 1437 Erymanthidos
2014 1385 2175 1434 Ursae,

769 1449 943 1503 Quique
968 1450 1222 1504 Lycaonias
1244 1450 1411 1492 circum
1437 1452 1585 1494 Draco
1608 1452 1792 1506 pervigil
1816 1453 1976 1495 Arctos

767 1517 987 1571 AdspiciS,
1014 1518 1249 1560 Herculeis
1271 1519 1376 1560 olim
1401 1520 1572 1562 confixe
1595 1520 1789 1574 sagittis,

768 1588 988 1640 Astraque
1010 1602 1088 1629 vos
1111 1595 1288 1641 praeter
1309 1588 1345 1630 si
1370 1603 1483 1643 quae
1508 1589 1725 1643 Fergusia
1747 1590 1880 1632 tellus

768 1656 920 1697 Cernit
945 1656 989 1697 in
1013 1657 1208 1698 occiduis
1231 1672 1407 1712 semper
1427 1657 1660 1712 vigilantia
1682 1658 1892 1709 flammis,

769 1724 916 1774 Edite‚
941 1739 1044 1767 narn
1068 1732 1207 1767 testes
1229 1741 1321 1776 VOS,
1347 1733 1389 1768 et
1413 1741 1499 1768 nox
1521 1727 1699 1769 conscia
1721 1727 1827 1769 facti

773 1794 974 1844 Exstitit,
999 1795 1149 1836 Arctoi
1173 1810 1313 1850 nuper
1336 1797 1417 1838 sub
1439 1796 1619 1838 cardine
1642 1797 1779 1846 caeli;
2347 1811 2398 1840 10

770 1863 1022 1905 Gordoniae
1046 1864 1158 1917 quis,
1182 1871 1312 1907 vasta
1335 1880 1519 1907 movens
1541 1866 1762 1917 incendia,
1785 1867 1932 1921 gentis

769 1931 947 1974 Torruit
971 1933 1145 1983 heroas,
1169 1934 1259 1976 feta
1282 1934 1578 1977 truculentior
1600 1949 1717 1986 ursa,

773 2001 1064 2056 Impastoque
1087 2002 1207 2056 lupo,
1231 2017 1311 2045 nec
1334 2003 1494 2057 tigride
1518 2003 1681 2054 mitior,
1705 2004 1794 2047 icta

776 2070 895 2110 Dum
919 2069 1037 2119 furit,
1060 2077 1136 2112 aut
1160 2078 1288 2125 rapta
1310 2073 1416 2113 dum
1435 2072 1576 2114 saevit
1600 2073 1720 2127 prole
1743 2073 1931 2116 leaena?

770 2137 976 2180 Vidimus
998 2145 1040 2181 et
1064 2139 1170 2181 diris
1193 2140 1430 2195 opprobria
1452 2142 1640 2184 barbara
1662 2141 1857 2184 flammis

769 2206 947 2248 Addita.
1012 2208 1204 2249 Mausoli
1227 2216 1432 2262 poterant
1455 2209 1528 2263 qui
1552 2210 1682 2252 busta
1705 2210 1878 2260 mereri,

772 2274 1035 2329 Pyramidas
1057 2276 1125 2318 vel
1152 2277 1353 2331 Memphi
1376 2283 1492 2327 tuas,
1515 2278 1583 2319 vel
1614 2279 1809 2320 Porsena
1832 2278 1868 2320 si
1893 2279 1996 2334 quid

770 2343 916 2385 Altius
939 2345 1090 2395 erexit,
1115 2353 1352 2400 postquam
1377 2346 1593 2388 deferbuit
1617 2346 1745 2401 ignis,

772 2412 947 2454 Vilibus
970 2412 1081 2455 illati
1106 2414 1294 2456 stabulis
1317 2414 1490 2457 iacuere
1513 2415 1684 2470 iugales

775 2482 898 2522 Inter
920 2496 1072 2535 equos,
1096 2483 1214 2536 putri
1238 2482 1403 2537 stipula
1426 2484 1643 2537 foenoque
1668 2484 1846 2539 sepulti.
2345 2497 2398 2527 20

775 2550 868 2590 Nec
891 2564 1030 2600 mora,
1054 2557 1173 2592 tosta
1195 2551 1306 2592 focis
1328 2558 1370 2593 et
1394 2552 1540 2594 adhuc
1563 2552 1781 2594 fumantia
1805 2567 1983 2595 mensas

775 2619 972 2671 Corpora
994 2625 1213 2668 texerunt,
1238 2619 1354 2660 imae
1378 2620 1633 2674 spectacula
1656 2620 1787 2674 plebi.

778 2687 863 2728 Hic
886 2701 1090 2741 proceres
1112 2702 1213 2730 cum
1242 2689 1367 2742 plebe
1395 2689 1556 2739 iacent,
1581 2689 1836 2731 discrimine
1859 2690 1997 2731 nullo.

742 2832 767 2853 1.
792 2822 864 2853 Vos
890 2823 1037 2864 supremi
1066 2823 1188 2865 ignes]
1242 2825 1328 2856 This
1355 2825 1475 2866 appeal
1503 2832 1538 2857 to
1565 2825 1623 2857 the
1649 2826 1810 2858 northern
1838 2833 1924 2859 stars
1953 2827 1981 2858 is
2007 2826 2220 2868 remarkably
2242 2826 2342 2858 noble
2366 2826 2398 2857 in

601 2877 809 2916 expression.

738 2942 767 2972 7.
796 2931 958 2973 Fergusia
975 2932 1103 2973 tellus]
1150 2933 1325 2972 scotland,
1343 2934 1428 2965 from
1447 2934 1489 2965 its
1507 2934 1578 2966 first
1597 2935 1687 2977 King
1705 2936 1845 2977 Fergus.
