2594 3749
635 329 980 372 PANTLEMON’S
1012 340 1314 373 COMPLAINT.
1789 345 1867 387 271

71 911 213 952 XLV.
250 909 705 953 PANTLEMONIS
736 911 1043 966 QUERELA
1076 912 1160 952 AD
1195 911 1499 955 SENATUM
1534 913 1870 957 ADVERSUS

783 991 1161 1034 BUCAULUM.

245 1151 375 1192 Alma
398 1150 569 1201 cohors,
596 1150 780 1192 Latium
803 1165 917 1204 quae
940 1150 1176 1193 maiestate
1200 1152 1415 1194 Senatum

302 1219 471 1269 Vincis,
497 1226 539 1261 et
562 1219 767 1273 ingentes
789 1234 903 1274 pone
929 1219 1141 1274 relinquis
1165 1235 1296 1270 avos;

245 1288 290 1330 Si
313 1294 460 1338 vacat,
485 1295 528 1330 et
551 1288 662 1330 seris
685 1295 887 1343 superest
911 1303 991 1330 sua
1015 1289 1245 1343 questibus
1267 1289 1400 1339 auris,

303 1356 513 1399 Forsitan
537 1357 646 1399 haec
670 1357 820 1399 animo
843 1357 1186 1400 commiserante
1210 1358 1343 1413 leges.

245 1425 491 1468 Scribimus
514 1440 537 1467 e
559 1425 718 1468 vinclis
741 1432 783 1468 et
807 1426 947 1468 amari
971 1426 1161 1468 carceris
1184 1428 1354 1477 umbra,

304 1494 392 1535 Hic
416 1494 489 1536 ubi
512 1494 710 1537 clamoso
734 1494 856 1536 curia
879 1494 1032 1537 iuncta
1054 1495 1147 1537 foro
1171 1502 1253 1537 est.

245 1563 422 1605 Scilicet
445 1563 611 1605 afflicto
632 1563 767 1605 toties
789 1564 873 1605 hoc
895 1564 1034 1606 defuit
1057 1579 1211 1615 unum,

304 1633 378 1673 Me
401 1631 694 1674 miserabilior
716 1647 770 1674 ne
794 1632 894 1686 quis
916 1632 959 1673 in
983 1634 1086 1675 orbe
1111 1633 1240 1675 foret.

245 1701 371 1755 Quae
394 1701 514 1743 mala
539 1701 804 1743 Pantlemon
827 1701 994 1752 tulerit,
1020 1702 1282 1744 Bennachia
1304 1717 1437 1757 rupes

303 1769 396 1812 Scit
419 1769 545 1820 satis,
569 1776 612 1812 et
635 1770 780 1825 patrio
803 1770 1003 1825 proxima
1027 1770 1140 1813 silva
1162 1771 1258 1814 lari.
1823 1784 1874 1813 10

246 1838 553 1880 Infortunatos
575 1846 618 1880 et
641 1839 846 1881 lambens
870 1839 1042 1881 Gadius
1064 1854 1210 1895 agros,

302 1906 389 1963 Qui
411 1907 578 1949 domini
600 1907 689 1949 iarn
712 1908 788 1950 flet
811 1908 903 1950 fata
926 1908 1107 1950 sinistra
1129 1908 1212 1950 sui.

244 1976 347 2018 Vidi
370 1991 452 2030 ego
476 1977 728 2018 Bucaulum
751 1976 913 2019 tribadi
937 1978 1041 2018 dare
1064 1977 1229 2032 philtra
1252 1992 1482 2028 novercae,

303 2046 363 2086 Et
387 2045 549 2100 spuriis
571 2045 762 2100 patriam
785 2045 1007 2088 luxuriare
1029 2048 1226 2088 domum.

248 2113 389 2156 Mixta
411 2114 547 2156 etiam
570 2114 659 2155 vidi
681 2114 798 2156 tritis
821 2114 999 2156 aconita
1021 2114 1194 2165 cicutis,

303 2184 363 2224 Et
386 2183 491 2225 data
514 2183 738 2238 decrepito
760 2182 908 2225 toxica
933 2198 1066 2225 saeva
1088 2183 1220 2238 patri.

245 2251 387 2293 Vivus
408 2251 480 2294 hic
504 2251 729 2301 intumuit,
752 2259 1043 2307 correptaque
1069 2253 1172 2295 tabe
1198 2252 1355 2294 veneni

304 2321 494 2363 Ossibus
516 2321 732 2363 abscessit
754 2321 942 2363 flaccida
963 2328 1060 2363 tota
1082 2321 1213 2363 cutis.

246 2389 333 2431 Vix
355 2396 481 2445 patre
505 2390 680 2432 sublato
705 2390 820 2432 clam
844 2390 995 2445 nupsit
1018 2391 1221 2432 adultera
1244 2391 1444 2441 moecho,

304 2458 484 2501 Scilicet
508 2466 556 2500 ut
579 2465 749 2514 tegeret
772 2461 904 2501 taeda
928 2459 1089 2501 marita
1111 2459 1250 2501 nefas.
1823 2473 1876 2500 20

247 2527 422 2582 Quique
444 2527 525 2570 fuit
548 2527 718 2583 patriae
741 2529 984 2570 damnatus
1006 2528 1192 2582 legibus,
1216 2528 1304 2570 oris

303 2596 467 2651 Turpis
490 2597 533 2638 in
557 2597 751 2639 externis
773 2604 840 2640 est
863 2597 1113 2640 celebratus
1138 2598 1334 2653 Hymen.

250 2666 336 2708 His
356 2666 452 2709 face
474 2667 694 2721 praeluxit
718 2667 955 2709 Furiarum
980 2667 1190 2718 maxima,
1214 2666 1377 2709 flamen

209 2835 240 2865 9.
267 2824 497 2865 Pantlemon.]
551 2825 714 2867 Literally
739 2826 1035 2868 “all-enduring‚''
1053 2825 1116 2864 i.e.,
1135 2826 1276 2858 another
1294 2835 1394 2858 name
1414 2826 1463 2858 for
1485 2836 1505 2858 a
1527 2825 1605 2867 Job,
1623 2825 1818 2867 “suffering
1833 2825 1876 2858 all

75 2880 238 2922 mxsery'ss

193 2945 242 2966 11.
268 2934 467 2967 Bennachia
491 2958 499 2966 .
525 2958 532 2966 .
558 2958 566 2966 .
593 2935 752 2976 Gadius.]
797 2935 980 2968 Mountain
997 2934 1065 2967 and
1081 2941 1206 2968 stream
1222 2935 1262 2967 of
1274 2934 1434 2976 Garioch,
1455 2945 1511 2967 see
1529 2936 1595 2967 No.
1613 2935 1718 2976 XL1.,
1737 2935 1757 2968 l.
1782 2945 1810 2967 1.
