2594 3749
732 338 908 370 SATIRE
939 338 1007 371 ΟΝ
1042 339 1298 371 EGLISHEM
1307 364 1314 372 .

305 457 476 498 Forsan
499 469 640 510 equae
662 455 832 498 lentum
857 457 974 510 quod
999 455 1139 498 stillat
1163 457 1218 498 ab
1241 455 1422 510 inguine
1448 456 1584 506 virus,

362 527 532 568 Forsan
557 525 882 576 Echidnaeum,
907 540 1043 568 eausa
1066 525 1225 567 furoris
1248 533 1369 568 erat:

304 595 394 636 Aut
417 609 550 636 curae
572 594 742 648 vigiles,
769 602 845 636 aut
869 594 1011 636 dulcis
1033 594 1160 649 copia
1184 594 1368 644 Bacchi,

361 663 450 704 Aut
474 662 547 716 qui
571 664 702 704 corda
724 662 842 704 ferus
865 676 997 716 saepe
1019 669 1210 704 venenat
1234 677 1369 704 amor.

306 732 439 772 Forte
461 730 596 772 etiam
620 730 766 784 tetigit
790 730 910 772 mala
932 730 1161 783 gramina3
1196 731 1307 772 forte
1334 730 1477 773 viator

360 799 522 841 Aridus
544 798 703 840 insano
725 798 888 853 proluit
911 813 987 840 ora
1010 799 1126 841 lacu.

305 870 386 912 Vel
409 869 582 924 gelidus
603 870 712 910 duro
735 868 959 911 concrevit
982 868 1142 923 frigore
1166 869 1363 923 sanguis,

364 939 445 981 Vel
470 935 604 980 miser
625 938 794 981 aestivo
818 940 900 981 sub
925 940 1048 981 Cane
1074 938 1176 980 fecit
1206 938 1302 981 iter.

306 1008 528 1051 Distrahit
553 1008 596 1050 in
620 1015 770 1064 partes
794 1008 994 1051 animum
1017 1008 1084 1050 vis
1106 1023 1239 1051 caeca
1261 1008 1446 1051 furoris:

365 1079 492 1120 Haec
515 1084 667 1120 tamen
690 1084 757 1120 est
780 1092 883 1119 vero
907 1077 1108 1132 proxima
1135 1092 1270 1120 causa
1298 1078 1418 1120 mali.

307 1148 440 1189 Forte
463 1146 588 1188 canis
609 1146 749 1189 rabidi
774 1148 976 1189 Batavus
999 1161 1107 1202 puer
1129 1161 1201 1189 ore
1224 1147 1406 1202 petituS‚

364 1216 416 1256 In
440 1215 608 1258 rabiem
633 1215 784 1257 infelix
806 1223 936 1257 actus
958 1222 1001 1258 et
1025 1215 1119 1270 ipse
1146 1215 1242 1257 fuit.

307 1283 429 1327 Vidit
455 1285 779 1340 Hypermorus‚
806 1283 992 1327 Batavis
1013 1291 1121 1327 tunc
1145 1285 1308 1340 hospes
1331 1284 1374 1326 in
1398 1284 1501 1335 oris,

366 1353 425 1395 Et
449 1353 621 1396 medica
645 1367 825 1395 saevam
849 1353 1018 1408 depulit
1042 1361 1135 1396 arte
1159 1354 1293 1395 luem.

307 1423 448 1464 Fama
470 1422 589 1464 volat
609 1437 616 1464 :
652 1422 811 1464 medici
835 1423 889 1464 ad
913 1422 1049 1464 limen
1072 1422 1168 1465 fluit
1193 1422 1388 1477 undique
1414 1422 1592 1476 vulgus,

366 1490 575 1544 Undique
598 1490 832 1546 lymphati,
857 1492 988 1533 turba
1010 1490 1224 1541 timenda,
1249 1498 1399 1533 ruunt.

309 1560 446 1601 Haud
472 1559 601 1602 aliter
623 1559 790 1602 circum
814 1560 1121 1614 glomerantur
1143 1568 1262 1603 tecta
1284 1561 1499 1609 volucres,

365 1629 468 1670 Non
490 1635 749 1683 exspectato
771 1643 873 1670 cum
897 1628 984 1670 ruit
1008 1628 1147 1671 imbre
1171 1630 1333 1671 Notus.

308 1697 418 1738 Pars
440 1696 588 1738 fremit
611 1704 716 1738 ante
738 1696 864 1746 fores,
887 1711 990 1752 pars
1013 1697 1129 1739 intra
1152 1697 1319 1747 limina,
1341 1704 1481 1740 terror

368 1764 488 1807 Hinc
512 1772 645 1819 atque
668 1765 787 1815 hinc,
812 1766 959 1808 horret
982 1772 1078 1808 tota
1100 1767 1243 1808 furore
1266 1768 1441 1808 domus.

310 1834 453 1876 Parva
477 1834 706 1889 Lycaonio
729 1841 999 1889 rumpuntur
1020 1842 1138 1877 tecta
1160 1835 1372 1886 tumultu,

366 1904 543 1945 Iurares
567 1903 747 1959 Stygias
769 1903 840 1946 hic
863 1904 1065 1946 habitare
1088 1919 1232 1946 canes.

308 1973 587 2028 Quaeunque
611 1972 870 2027 ingreditur,
896 1973 1015 2016 rabie
1037 1988 1148 2028 gens
1170 1974 1302 2016 effera
1325 1987 1502 2029 semper

368 2043 408 2084 It
431 2056 593 2092 comes,
616 2049 658 2084 et
684 2041 846 2084 Medici
870 2042 1037 2084 claudit
1061 2050 1299 2096 utrumque
1322 2042 1454 2085 latus.

310 2109 398 2152 Hie
422 2111 579 2160 ululat,
604 2110 770 2152 latrant
794 2110 883 2160 alii,
907 2110 1005 2153 fluit
1028 2111 1237 2153 omnibus
1259 2118 1355 2153 ater

368 2180 456 2221 Ore
479 2193 620 2228 cruor,
645 2179 814 2233 passim
837 2179 978 2221 ferrea
999 2179 1146 2222 vincla
1169 2187 1368 2234 crepant,

312 2247 433 2289 Hinc
456 2255 522 2289 est
545 2247 690 2303 prima
713 2247 819 2290 mali
843 2248 992 2298 labes;
1027 2248 1131 2290 hinc
1158 2248 1301 2303 prima
1323 2247 1482 2290 furoris

367 2315 561 2364 Semina,
585 2323 815 2358 contracta
838 2324 904 2359 est
927 2317 1192 2359 transitione
1216 2318 1324 2359 lues.

309 2383 382 2427 Sic
406 2384 542 2440 lepra,
568 2384 630 2427 sic
653 2385 774 2427 dirae
798 2394 1014 2440 spargunt
1040 2386 1248 2441 contagia
1270 2393 1434 2441 pestes,

367 2454 426 2495 Et
451 2453 646 2496 scabiem
671 2454 753 2496 toti
776 2454 858 2496 fert
881 2454 976 2496 ovis
998 2469 1086 2497 una
1115 2454 1249 2510 gregi.

309 2521 467 2577 Tange
490 2522 621 2572 luem,
645 2523 833 2565 Veneris
856 2538 970 2578 quae
993 2530 1140 2578 turget
1165 2523 1359 2573 nomine,
1382 2530 1507 2565 tactu

367 2591 546 2632 Damna
572 2591 749 2633 trahes:
784 2591 931 2646 lippos
953 2592 1118 2647 aspice,
1144 2591 1291 2647 lippus
1317 2591 1417 2634 eris.

309 2659 396 2701 Sed
420 2659 561 2701 morbi
584 2659 689 2714 quid
713 2659 840 2715 signa
863 2660 1001 2711 iuvat,
1026 2660 1131 2716 quid
1154 2661 1299 2703 dicere
1322 2674 1494 2709 causas

368 2728 563 2770 Paeonia
585 2729 680 2770 tolli
705 2729 740 2770 si
765 2729 917 2784 nequit
941 2737 1035 2772 arte
1059 2730 1227 2772 malum
1247 2731 1262 2772 Ρ

329 2843 381 2882 89.
410 2843 538 2874 Forsan
555 2844 689 2884 equae.]
734 2843 808 2875 The
826 2843 968 2885 product
985 2844 1093 2876 called
1112 2844 1361 2886 Hippomanes.

329 2907 379 2937 90.
410 2896 672 2938 Echidnaeum.]
719 2897 812 2934 Scil..
830 2898 932 2929 virus.

310 2961 379 2991 119.
409 2951 549 2992 Tactu.]
594 2952 686 2984 Wm.
708 2952 873 2984 Lauder’s
890 2953 1017 2995 reprint
1035 2954 1101 2993 (ed.
1123 2955 1229 2996 1739),
1247 2953 1355 2993 reads,
1376 2958 1488 2985 tactus
1507 2952 1643 2984 Damna
1659 2951 1764 2985 dabit.

1879 342 1926 372 21

1880 539 1935 581 90

1859 1226 1940 1255 100

1862 1916 1942 1945 110

1861 2603 1942 2632 120
