2594 3749
497 345 1145 380 FRENDRAUGHT——LAMENT
1177 345 1237 377 OF
1271 346 1448 377 SOl’lIIA
1482 346 1595 378 HAY.
1870 350 1950 391 295

284 886 453 926 XLIX.
495 884 800 940 QUERELA
835 884 1113 926 SOPHIAE
1149 884 1377 933 HAYAE,
1414 884 1709 926 DOMINAE
1745 886 1829 926 DE

553 964 910 1014 MELGEINE,
947 965 1033 1005 DE
1069 963 1291 1006 MORTE
1326 963 1570 1005 MARITI.

333 1110 468 1161 Ergo,
494 1108 610 1161 quod
633 1106 833 1148 incusem
861 1107 1039 1149 sublato
1067 1106 1269 1161 coniuge,
1294 1107 1500 1148 flammas

391 1177 466 1218 Nil
490 1176 573 1218 nisi
597 1177 757 1218 fatales
779 1183 897 1218 terra
919 1177 988 1219 vel
1013 1177 1156 1218 Orcus
1178 1177 1347 1218 habet?

336 1248 404 1287 De
428 1260 513 1299 quo
536 1245 804 1300 supplicium
829 1252 977 1287 sumat
1004 1245 1300 1294 Rhamnusia,
1325 1260 1455 1287 nemo

391 1314 504 1356 Tam
529 1313 781 1356 detestandi
804 1314 1002 1355 criminis
1025 1321 1179 1356 auctor
1201 1314 1316 1356 erit?

337 1384 439 1425 Non
462 1383 584 1432 latet,
612 1382 774 1424 Iliacas
796 1383 979 1424 flamma
1002 1383 1074 1436 qui
1099 1383 1269 1424 subruit
1293 1398 1430 1432 arces,

395 1453 489 1493 Nec
512 1466 625 1506 quae
648 1452 876 1493 succendit
902 1452 1064 1506 Pythia
1086 1453 1255 1507 templa
1278 1467 1463 1501 manus3

338 1522 431 1562 Nec
455 1520 529 1574 qui
554 1520 794 1583 Clyciaden
817 1520 989 1562 facibus
1013 1520 1301 1562 circumdedit
1325 1521 1448 1570 atris,

396 1589 535 1632 Cuius
558 1595 600 1631 et
624 1596 690 1631 est
713 1589 840 1631 donis
863 1590 980 1631 facta
1003 1590 1171 1632 Creusa
1194 1589 1318 1631 cinis.

339 1658 513 1713 Quique
537 1672 659 1699 mare
682 1665 724 1700 et
747 1665 889 1700 terras
912 1658 1123 1708 incendit,
1147 1666 1190 1699 et
1214 1658 1407 1700 aetheris
1429 1659 1571 1707 orbes,

399 1726 559 1768 Notior
580 1726 735 1780 auriga
758 1727 857 1781 quis
882 1727 1162 1768 Phaethonte
1183 1726 1265 1768 fuit
1284 1727 1299 1768 ?
1916 1740 1967 1767 10

341 1796 472 1838 Solus
495 1795 540 1836 in
563 1797 750 1838 obscuro
773 1803 855 1846 est,
881 1803 1058 1837 nostros
1081 1795 1155 1850 qui
1179 1795 1307 1837 laesit
1331 1810 1520 1845 amores,

400 1866 458 1905 Et
483 1864 591 1905 mihi
614 1863 796 1906 delicias
819 1864 1005 1906 abstulit
1029 1864 1130 1919 igne
1154 1879 1292 1906 meaS.

343 1935 555 1989 Quaeque
579 1933 848 1975 Caledoniae
871 1934 1024 1975 florem
1048 1940 1214 1975 torrere
1236 1934 1442 1975 iuventae

402 2002 640 2052 Sustinuit,
665 2009 786 2044 certo
809 2002 988 2044 nomine
1010 2017 1156 2057 vappa
1179 2009 1313 2044 caret.

345 2071 404 2111 Et
427 2078 579 2112 tamen
602 2077 670 2112 est
693 2078 854 2120 certus,
880 2071 1083 2124 quamvis
1106 2071 1222 2112 male
1244 2071 1463 2125 cognitus,
1488 2077 1643 2113 auctor

403 2139 489 2195 Qui
512 2140 657 2182 scelus
680 2140 875 2190 admisit,
900 2139 1221 2194 supposuitque
1242 2140 1376 2182 faces.

346 2209 473 2251 Absit
496 2216 544 2251 ut
567 2209 649 2251 hos
671 2209 794 2251 caelo
821 2209 1015 2251 deiectos
1038 2209 1237 2264 suspicer
1258 2209 1397 2263 ignes,

404 2279 620 2319 Auctores
642 2278 859 2319 scelerum
882 2278 951 2319 vel
974 2292 1072 2320 rear
1093 2293 1189 2320 esse
1215 2279 1349 2319 Deos.

349 2347 458 2395 Nee,
482 2345 585 2388 licet
609 2353 780 2388 eructet
803 2361 891 2388 non
915 2361 1013 2388 raro
1037 2346 1250 2400 sulphura
1271 2345 1417 2395 tellus,

406 2415 610 2457 Audebat
633 2422 812 2457 tanturn
837 2415 1015 2458 Scotica
1037 2421 1153 2456 terra
1176 2415 1314 2457 nefas.
1921 2427 1974 2455 20

312 2539 342 2568 3.
370 2529 609 2569 Rhamnusia]
657 2529 825 2569 Nemesis,
846 2529 904 2561 the
921 2529 1070 2570 goddess
1087 2530 1126 2561 of
1140 2529 1364 2560 Retribution.

312 2593 342 2622 5.
370 2584 449 2614 Non
467 2583 577 2622 latet.]
633 2583 739 2614 Sinon
758 2583 791 2614 in
808 2583 866 2614 the
882 2583 1010 2614 Acncid
1029 2583 1097 2614 and
1119 2584 1274 2614 Brennus
1294 2583 1350 2614 the
1369 2583 1456 2614 Gaul
1474 2593 1529 2614 are
1546 2582 1707 2624 probably
1724 2581 1858 2613 alluded
1874 2587 1920 2612 to.

313 2648 343 2678 7.
369 2637 577 2678 Clyciades.]
616 2638 701 2669 This
719 2638 746 2669 is
763 2638 820 2669 the
838 2638 920 2678 only
936 2638 1078 2679 reading
1094 2639 1168 2668 that
1193 2638 1254 2669 has
1278 2648 1375 2669 come
1392 2637 1490 2669 down
1508 2643 1543 2669 to
1560 2648 1610 2670 us.
1653 2637 1683 2667 It
1700 2637 1728 2667 is
1744 2636 1924 2677 suspected
1940 2642 1976 2666 to

177 2692 218 2723 be
235 2702 254 2723 a
270 2692 426 2733 misprint
443 2692 476 2722 in
497 2702 590 2723 some
613 2692 710 2723 forrn.
759 2692 909 2733 Perhaps
935 2697 953 2710 “
969 2692 1146 2733 Gygiaden
1160 2693 1179 2705 '⁷
1204 2692 1230 2723 is
1255 2691 1427 2728 intended,
1452 2691 1614 2732 referring
1630 2697 1664 2722 to
1680 2691 1737 2721 the
1761 2690 1890 2721 funeral
1911 2689 1976 2730 pile

178 2747 226 2777 for
253 2748 409 2784 Croesus,
427 2746 637 2777 descendant
654 2747 694 2777 of
713 2747 841 2788 Gyges.
894 2747 933 2778 In
951 2757 971 2778 a
987 2747 1117 2788 private
1142 2753 1221 2778 note
1247 2747 1310 2777 Mr.
1332 2746 1507 2777 Robinson
1534 2746 1627 2783 Ellis,
1645 2745 1703 2776 the
1727 2743 1977 2785 distinguished

181 2801 327 2832 Latinist
350 2801 390 2832 of
408 2800 549 2837 Oxford,
571 2807 731 2842 suggests
749 2806 768 2818 ‘⁴
782 2801 1006 2833 Cleiniades”
1025 2811 1062 2833 as
1087 2801 1239 2842 possibly
1263 2800 1435 2836 intended,
1454 2799 1647 2831 Alcibiades
1671 2799 1799 2840 having
1822 2797 1977 2839 perished

179 2854 212 2885 in
229 2865 249 2887 a
265 2855 393 2887 similar
409 2865 521 2887 scene.

315 2911 345 2941 8.
371 2910 523 2949 Creusa.]
578 2909 662 2941 This
694 2911 822 2941 Creusa
852 2910 879 2941 is
910 2910 967 2941 the
1000 2910 1199 2942 Corinthian
1233 2910 1383 2951 princess
1414 2910 1527 2941 whom
1558 2908 1681 2940 Medea
1712 2908 1799 2947 kills,
1831 2907 1978 2949 through

175 2964 343 3005 jealousy,
368 2963 413 3006 by
436 2963 547 3005 magic
571 2963 641 2996 fite.
