<?xml version="1.0" encoding="UTF-8"?>
<!DOCTYPE html PUBLIC "-//W3C//DTD XHTML 1.0 Transitional//EN"
    "http://www.w3.org/TR/xhtml1/DTD/xhtml1-transitional.dtd">
<html xmlns="http://www.w3.org/1999/xhtml" xml:lang="en" lang="en">
 <head>
  <title>
</title>
<meta http-equiv="Content-Type" content="text/html;charset=utf-8" />
  <meta name='ocr-system' content='tesseract 3.04.00' />
  <meta name='ocr-capabilities' content='ocr_page ocr_carea ocr_par ocr_line ocrx_word'/>
</head>
<body>
  <div class='ocr_page' id='page_1' title='image "./musalatinaaberdo01gedduoft_0295.png"; bbox 0 0 2594 3749; ppageno 0'>
   <div class='ocr_carea' id='block_1_1' title="bbox 14 1671 33 3053">
    <p class='ocr_par' dir='ltr' id='par_1_1' title="bbox 14 1671 33 3053">
     <span class='ocr_line' id='line_1_1' title="bbox 14 1671 33 3053; baseline 0 0"><span class='ocrx_word' id='word_1_1' title='bbox 14 1671 33 3053; x_wconf 95' lang='lat' dir='ltr'> </span> 
     </span>
    </p>
   </div>
   <div class='ocr_carea' id='block_1_2' title="bbox 624 339 1887 386">
    <p class='ocr_par' dir='ltr' id='par_1_2' title="bbox 624 339 1887 386">
     <span class='ocr_line' id='line_1_2' title="bbox 624 339 1887 386; baseline 0.004 -16"><span class='ocrx_word' id='word_1_2' title='bbox 624 339 825 371; x_wconf 85' lang='lat' dir='ltr'>EPISTLE</span> <span class='ocrx_word' id='word_1_3' title='bbox 857 339 920 371; x_wconf 92' lang='lat' dir='ltr'>TO</span> <span class='ocrx_word' id='word_1_4' title='bbox 953 339 1146 372; x_wconf 86' lang='lat' dir='ltr'><strong>ROBERT</strong></span> <span class='ocrx_word' id='word_1_5' title='bbox 1179 341 1359 373; x_wconf 90' lang='lat' dir='ltr'><strong>BARON.</strong></span> <span class='ocrx_word' id='word_1_6' title='bbox 1808 345 1887 386; x_wconf 67' lang='lat'>053</span> 
     </span>
    </p>
   </div>
   <div class='ocr_carea' id='block_1_3' title="bbox 262 455 1905 2652">
    <p class='ocr_par' dir='ltr' id='par_1_3' title="bbox 262 455 1905 2652">
     <span class='ocr_line' id='line_1_3' title="bbox 322 455 1223 510; baseline 0 -12"><span class='ocrx_word' id='word_1_7' title='bbox 322 457 542 498; x_wconf 90' lang='lat' dir='ltr'>Duratam</span> <span class='ocrx_word' id='word_1_8' title='bbox 566 455 710 498; x_wconf 87' lang='lat' dir='ltr'><strong>cernis</strong></span> <span class='ocrx_word' id='word_1_9' title='bbox 733 456 824 498; x_wconf 90' lang='lat' dir='ltr'>sole</span> <span class='ocrx_word' id='word_1_10' title='bbox 847 455 1038 510; x_wconf 89' lang='lat' dir='ltr'>geluque</span> <span class='ocrx_word' id='word_1_11' title='bbox 1060 463 1223 498; x_wconf 90' lang='lat' dir='ltr'>cutem.</span> 
     </span>
     <span class='ocr_line' id='line_1_4' title="bbox 264 524 1395 579; baseline 0 -12"><span class='ocrx_word' id='word_1_12' title='bbox 264 526 373 567; x_wconf 90' lang='lat' dir='ltr'>Sum</span> <span class='ocrx_word' id='word_1_13' title='bbox 397 525 542 575; x_wconf 86' lang='lat' dir='ltr'>miser,</span> <span class='ocrx_word' id='word_1_14' title='bbox 565 532 607 567; x_wconf 89' lang='lat' dir='ltr'>et</span> <span class='ocrx_word' id='word_1_15' title='bbox 629 525 782 567; x_wconf 91' lang='lat' dir='ltr'>videor</span> <span class='ocrx_word' id='word_1_16' title='bbox 805 524 985 579; x_wconf 90' lang='lat' dir='ltr'>Libycis</span> <span class='ocrx_word' id='word_1_17' title='bbox 1008 524 1242 579; x_wconf 86' lang='lat' dir='ltr'>strigosior</span> <span class='ocrx_word' id='word_1_18' title='bbox 1263 525 1395 575; x_wconf 85' lang='lat' dir='ltr'>arvis,</span> 
     </span>
     <span class='ocr_line' id='line_1_5' title="bbox 321 592 1244 648; baseline -0.002 -12"><span class='ocrx_word' id='word_1_19' title='bbox 321 593 491 636; x_wconf 91' lang='lat' dir='ltr'>Siccior</span> <span class='ocrx_word' id='word_1_20' title='bbox 512 594 606 648; x_wconf 92' lang='lat' dir='ltr'>ipse</span> <span class='ocrx_word' id='word_1_21' title='bbox 630 593 742 635; x_wconf 90' lang='lat' dir='ltr'>rneis</span> <span class='ocrx_word' id='word_1_22' title='bbox 764 593 1095 647; x_wconf 89' lang='lat' dir='ltr'>squalidiorque</span> <span class='ocrx_word' id='word_1_23' title='bbox 1118 592 1244 648; x_wconf 90' lang='lat' dir='ltr'>iugis.</span> 
     </span>
     <span class='ocr_line' id='line_1_6' title="bbox 262 662 1333 717; baseline -0.001 -12"><span class='ocrx_word' id='word_1_24' title='bbox 262 663 332 705; x_wconf 92' lang='lat' dir='ltr'>Ah</span> <span class='ocrx_word' id='word_1_25' title='bbox 355 669 518 717; x_wconf 87' lang='lat' dir='ltr'>pereat,</span> <span class='ocrx_word' id='word_1_26' title='bbox 541 663 657 706; x_wconf 89' lang='lat' dir='ltr'>Gadi</span> <span class='ocrx_word' id='word_1_27' title='bbox 680 662 932 717; x_wconf 89' lang='lat' dir='ltr'>quicunque</span> <span class='ocrx_word' id='word_1_28' title='bbox 955 662 1180 705; x_wconf 88' lang='lat' dir='ltr'>salacibus</span> <span class='ocrx_word' id='word_1_29' title='bbox 1203 662 1333 704; x_wconf 92' lang='lat' dir='ltr'>undis</span> 
     </span>
     <span class='ocr_line' id='line_1_7' title="bbox 322 731 1315 786; baseline 0 -13"><span class='ocrx_word' id='word_1_30' title='bbox 322 731 526 773; x_wconf 90' lang='lat' dir='ltr'>Emolliri</span> <span class='ocrx_word' id='word_1_31' title='bbox 550 731 783 773; x_wconf 91' lang='lat' dir='ltr'>hominurn</span> <span class='ocrx_word' id='word_1_32' title='bbox 812 746 997 786; x_wconf 90' lang='lat' dir='ltr'>corpora</span> <span class='ocrx_word' id='word_1_33' title='bbox 1019 745 1149 786; x_wconf 88' lang='lat' dir='ltr'>posse</span> <span class='ocrx_word' id='word_1_34' title='bbox 1173 738 1315 786; x_wconf 86' lang='lat' dir='ltr'>putat.</span> 
     </span>
     <span class='ocr_line' id='line_1_8' title="bbox 265 800 1198 855; baseline -0.001 -13"><span class='ocrx_word' id='word_1_35' title='bbox 265 802 436 842; x_wconf 81' lang='lat' dir='ltr'>Saxeus</span> <span class='ocrx_word' id='word_1_36' title='bbox 458 807 506 842; x_wconf 90' lang='lat' dir='ltr'>ut</span> <span class='ocrx_word' id='word_1_37' title='bbox 532 800 668 855; x_wconf 86' lang='lat' dir='ltr'>Pyliis</span> <span class='ocrx_word' id='word_1_38' title='bbox 690 800 830 842; x_wconf 88' lang='lat' dir='ltr'>evasit</span> <span class='ocrx_word' id='word_1_39' title='bbox 853 806 1007 855; x_wconf 89' lang='lat' dir='ltr'>pastor</span> <span class='ocrx_word' id='word_1_40' title='bbox 1029 800 1073 841; x_wconf 90' lang='lat' dir='ltr'>in</span> <span class='ocrx_word' id='word_1_41' title='bbox 1096 800 1198 850; x_wconf 91' lang='lat' dir='ltr'>oris,</span> 
     </span>
     <span class='ocr_line' id='line_1_9' title="bbox 322 869 1893 925; baseline 0.001 -14"><span class='ocrx_word' id='word_1_42' title='bbox 322 870 466 925; x_wconf 84' lang='lat' dir='ltr'>Quem</span> <span class='ocrx_word' id='word_1_43' title='bbox 489 869 636 924; x_wconf 88' lang='lat' dir='ltr'>tetigit</span> <span class='ocrx_word' id='word_1_44' title='bbox 660 877 777 912; x_wconf 91' lang='lat' dir='ltr'>torto</span> <span class='ocrx_word' id='word_1_45' title='bbox 798 870 924 924; x_wconf 89' lang='lat' dir='ltr'>virga</span> <span class='ocrx_word' id='word_1_46' title='bbox 945 870 1136 911; x_wconf 88' lang='lat' dir='ltr'>dracone</span> <span class='ocrx_word' id='word_1_47' title='bbox 1158 869 1331 911; x_wconf 91' lang='lat' dir='ltr'>virens:</span> <span class='ocrx_word' id='word_1_48' title='bbox 1841 882 1893 923; x_wconf 86' lang='lat'>50</span> 
     </span>
     <span class='ocr_line' id='line_1_10' title="bbox 268 937 1355 994; baseline -0.001 -14"><span class='ocrx_word' id='word_1_49' title='bbox 268 939 419 992; x_wconf 87' lang='lat' dir='ltr'>thue</span> <span class='ocrx_word' id='word_1_50' title='bbox 445 938 674 980; x_wconf 81' lang='lat' dir='ltr'>Medusaei</span> <span class='ocrx_word' id='word_1_51' title='bbox 698 939 952 994; x_wconf 89' lang='lat' dir='ltr'>perculsum</span> <span class='ocrx_word' id='word_1_52' title='bbox 977 938 1145 980; x_wconf 88' lang='lat' dir='ltr'>lumine</span> <span class='ocrx_word' id='word_1_53' title='bbox 1168 937 1355 980; x_wconf 79' lang='lat' dir='ltr'>monstri</span> 
     </span>
     <span class='ocr_line' id='line_1_11' title="bbox 325 1007 1230 1062; baseline 0 -14"><span class='ocrx_word' id='word_1_54' title='bbox 325 1007 494 1049; x_wconf 88' lang='lat' dir='ltr'>Phinea</span> <span class='ocrx_word' id='word_1_55' title='bbox 517 1022 618 1049; x_wconf 89' lang='lat' dir='ltr'>curn</span> <span class='ocrx_word' id='word_1_56' title='bbox 643 1007 775 1049; x_wconf 88' lang='lat' dir='ltr'>sociis</span> <span class='ocrx_word' id='word_1_57' title='bbox 798 1007 1034 1062; x_wconf 82' lang='lat' dir='ltr'>diriguisse</span> <span class='ocrx_word' id='word_1_58' title='bbox 1057 1007 1230 1048; x_wconf 86' lang='lat' dir='ltr'>ferunt:</span> 
     </span>
     <span class='ocr_line' id='line_1_12' title="bbox 267 1075 1352 1132; baseline -0.001 -14"><span class='ocrx_word' id='word_1_59' title='bbox 267 1076 339 1118; x_wconf 91' lang='lat' dir='ltr'>Sic</span> <span class='ocrx_word' id='word_1_60' title='bbox 363 1076 472 1118; x_wconf 85' lang='lat' dir='ltr'>mihi</span> <span class='ocrx_word' id='word_1_61' title='bbox 495 1076 584 1118; x_wconf 86' lang='lat' dir='ltr'>iarn</span> <span class='ocrx_word' id='word_1_62' title='bbox 607 1077 778 1131; x_wconf 89' lang='lat' dir='ltr'>pridem</span> <span class='ocrx_word' id='word_1_63' title='bbox 803 1076 998 1132; x_wconf 88' lang='lat' dir='ltr'>lymphis</span> <span class='ocrx_word' id='word_1_64' title='bbox 1021 1076 1229 1119; x_wconf 87' lang='lat' dir='ltr'>obduruit</span> <span class='ocrx_word' id='word_1_65' title='bbox 1253 1075 1352 1117; x_wconf 91' lang='lat' dir='ltr'>istis</span> 
     </span>
     <span class='ocr_line' id='line_1_13' title="bbox 324 1145 1322 1200; baseline -0.002 -12"><span class='ocrx_word' id='word_1_66' title='bbox 324 1146 511 1200; x_wconf 88' lang='lat' dir='ltr'>Corpus,</span> <span class='ocrx_word' id='word_1_67' title='bbox 536 1146 580 1187; x_wconf 93' lang='lat' dir='ltr'>in</span> <span class='ocrx_word' id='word_1_68' title='bbox 603 1146 687 1187; x_wconf 91' lang='lat' dir='ltr'>hac</span> <span class='ocrx_word' id='word_1_69' title='bbox 709 1146 855 1188; x_wconf 87' lang='lat' dir='ltr'>factus</span> <span class='ocrx_word' id='word_1_70' title='bbox 879 1160 977 1187; x_wconf 89' lang='lat' dir='ltr'>sum</span> <span class='ocrx_word' id='word_1_71' title='bbox 1001 1145 1180 1200; x_wconf 86' lang='lat' dir='ltr'>regione</span> <span class='ocrx_word' id='word_1_72' title='bbox 1204 1145 1322 1186; x_wconf 81' lang='lat' dir='ltr'>silex.</span> 
     </span>
     <span class='ocr_line' id='line_1_14' title="bbox 268 1214 1378 1269; baseline 0 -14"><span class='ocrx_word' id='word_1_73' title='bbox 268 1216 319 1256; x_wconf 90' lang='lat' dir='ltr'>In</span> <span class='ocrx_word' id='word_1_74' title='bbox 343 1228 457 1256; x_wconf 91' lang='lat' dir='ltr'>nova</span> <span class='ocrx_word' id='word_1_75' title='bbox 480 1214 554 1269; x_wconf 92' lang='lat' dir='ltr'>qui</span> <span class='ocrx_word' id='word_1_76' title='bbox 578 1215 738 1257; x_wconf 86' lang='lat' dir='ltr'>cecinit</span> <span class='ocrx_word' id='word_1_77' title='bbox 767 1221 966 1257; x_wconf 89' lang='lat' dir='ltr'>mutatas</span> <span class='ocrx_word' id='word_1_78' title='bbox 988 1229 1173 1269; x_wconf 89' lang='lat' dir='ltr'>corpora</span> <span class='ocrx_word' id='word_1_79' title='bbox 1195 1214 1378 1264; x_wconf 83' lang='lat' dir='ltr'>formas,</span> 
     </span>
     <span class='ocr_line' id='line_1_15' title="bbox 326 1283 1360 1339; baseline 0.001 -15"><span class='ocrx_word' id='word_1_80' title='bbox 326 1283 413 1325; x_wconf 91' lang='lat' dir='ltr'>His</span> <span class='ocrx_word' id='word_1_81' title='bbox 435 1290 610 1338; x_wconf 88' lang='lat' dir='ltr'>poterat</span> <span class='ocrx_word' id='word_1_82' title='bbox 633 1285 800 1326; x_wconf 85' lang='lat' dir='ltr'>formae</span> <span class='ocrx_word' id='word_1_83' title='bbox 824 1284 1006 1339; x_wconf 86' lang='lat' dir='ltr'>iungere</span> <span class='ocrx_word' id='word_1_84' title='bbox 1030 1285 1195 1325; x_wconf 89' lang='lat' dir='ltr'>damna</span> <span class='ocrx_word' id='word_1_85' title='bbox 1219 1298 1360 1325; x_wconf 89' lang='lat' dir='ltr'>meae.</span> 
     </span>
     <span class='ocr_line' id='line_1_16' title="bbox 268 1352 1336 1408; baseline -0.001 -14"><span class='ocrx_word' id='word_1_86' title='bbox 268 1353 355 1394; x_wconf 87' lang='lat' dir='ltr'>Sed</span> <span class='ocrx_word' id='word_1_87' title='bbox 377 1353 486 1394; x_wconf 88' lang='lat' dir='ltr'>levis</span> <span class='ocrx_word' id='word_1_88' title='bbox 509 1353 619 1395; x_wconf 88' lang='lat' dir='ltr'>haec</span> <span class='ocrx_word' id='word_1_89' title='bbox 642 1353 791 1395; x_wconf 79' lang='lat' dir='ltr'>forsan</span> <span class='ocrx_word' id='word_1_90' title='bbox 814 1360 964 1408; x_wconf 89' lang='lat' dir='ltr'>posset</span> <span class='ocrx_word' id='word_1_91' title='bbox 989 1353 1161 1395; x_wconf 87' lang='lat' dir='ltr'>iactura</span> <span class='ocrx_word' id='word_1_92' title='bbox 1183 1352 1336 1403; x_wconf 90' lang='lat' dir='ltr'>videri,</span> 
     </span>
     <span class='ocr_line' id='line_1_17' title="bbox 326 1421 1205 1477; baseline 0.001 -15"><span class='ocrx_word' id='word_1_93' title='bbox 326 1421 383 1462; x_wconf 90' lang='lat' dir='ltr'>Ni</span> <span class='ocrx_word' id='word_1_94' title='bbox 406 1421 540 1463; x_wconf 89' lang='lat' dir='ltr'>simul</span> <span class='ocrx_word' id='word_1_95' title='bbox 564 1422 729 1477; x_wconf 88' lang='lat' dir='ltr'>ingenii</span> <span class='ocrx_word' id='word_1_96' title='bbox 753 1422 906 1464; x_wconf 90' lang='lat' dir='ltr'>iuncta</span> <span class='ocrx_word' id='word_1_97' title='bbox 929 1421 1056 1463; x_wconf 90' lang='lat' dir='ltr'>ruina</span> <span class='ocrx_word' id='word_1_98' title='bbox 1080 1422 1205 1463; x_wconf 88' lang='lat' dir='ltr'>foret.</span> 
     </span>
     <span class='ocr_line' id='line_1_18' title="bbox 270 1489 1474 1546; baseline -0.001 -14"><span class='ocrx_word' id='word_1_99' title='bbox 270 1492 411 1532; x_wconf 88' lang='lat' dir='ltr'>Bruta</span> <span class='ocrx_word' id='word_1_100' title='bbox 435 1491 543 1532; x_wconf 90' lang='lat' dir='ltr'>mihi</span> <span class='ocrx_word' id='word_1_101' title='bbox 568 1506 694 1534; x_wconf 91' lang='lat' dir='ltr'>mens</span> <span class='ocrx_word' id='word_1_102' title='bbox 717 1499 799 1541; x_wconf 90' lang='lat' dir='ltr'>est,</span> <span class='ocrx_word' id='word_1_103' title='bbox 825 1498 866 1533; x_wconf 91' lang='lat' dir='ltr'>et</span> <span class='ocrx_word' id='word_1_104' title='bbox 891 1491 1089 1546; x_wconf 88' lang='lat' dir='ltr'>corporis</span> <span class='ocrx_word' id='word_1_105' title='bbox 1111 1491 1303 1541; x_wconf 84' lang='lat' dir='ltr'>aemula,</span> <span class='ocrx_word' id='word_1_106' title='bbox 1329 1489 1474 1545; x_wconf 86' lang='lat' dir='ltr'>qualis</span> 
     </span>
     <span class='ocr_line' id='line_1_19' title="bbox 327 1559 1900 1615; baseline -0.001 -14"><span class='ocrx_word' id='word_1_107' title='bbox 327 1560 506 1602; x_wconf 87' lang='lat' dir='ltr'>Scilicet</span> <span class='ocrx_word' id='word_1_108' title='bbox 530 1568 752 1615; x_wconf 85' lang='lat' dir='ltr'>agrestem</span> <span class='ocrx_word' id='word_1_109' title='bbox 776 1560 1103 1614; x_wconf 82' lang='lat' dir='ltr'>ruricolamque</span> <span class='ocrx_word' id='word_1_110' title='bbox 1126 1561 1266 1602; x_wconf 90' lang='lat' dir='ltr'>decet.</span> <span class='ocrx_word' id='word_1_111' title='bbox 1847 1559 1900 1600; x_wconf 83' lang='lat'>60</span> 
     </span>
     <span class='ocr_line' id='line_1_20' title="bbox 270 1627 1453 1684; baseline -0.001 -14"><span class='ocrx_word' id='word_1_112' title='bbox 270 1630 383 1671; x_wconf 88' lang='lat' dir='ltr'>Sunt</span> <span class='ocrx_word' id='word_1_113' title='bbox 406 1629 534 1684; x_wconf 87' lang='lat' dir='ltr'>rigidi</span> <span class='ocrx_word' id='word_1_114' title='bbox 557 1644 717 1680; x_wconf 90' lang='lat' dir='ltr'>mores,</span> <span class='ocrx_word' id='word_1_115' title='bbox 742 1636 784 1671; x_wconf 93' lang='lat' dir='ltr'>et</span> <span class='ocrx_word' id='word_1_116' title='bbox 808 1643 918 1683; x_wconf 90' lang='lat' dir='ltr'>quos</span> <span class='ocrx_word' id='word_1_117' title='bbox 945 1629 1056 1679; x_wconf 88' lang='lat' dir='ltr'>colo,</span> <span class='ocrx_word' id='word_1_118' title='bbox 1081 1628 1311 1670; x_wconf 89' lang='lat' dir='ltr'>montibus</span> <span class='ocrx_word' id='word_1_119' title='bbox 1334 1627 1453 1682; x_wconf 89' lang='lat' dir='ltr'>apti;</span> 
     </span>
     <span class='ocr_line' id='line_1_21' title="bbox 328 1698 1280 1748; baseline -0.001 -8"><span class='ocrx_word' id='word_1_120' title='bbox 328 1698 575 1741; x_wconf 89' lang='lat' dir='ltr'>Mundities</span> <span class='ocrx_word' id='word_1_121' title='bbox 597 1698 698 1747; x_wconf 89' lang='lat' dir='ltr'>illis,</span> <span class='ocrx_word' id='word_1_122' title='bbox 720 1699 868 1741; x_wconf 87' lang='lat' dir='ltr'>cultus</span> <span class='ocrx_word' id='word_1_123' title='bbox 891 1705 933 1740; x_wconf 88' lang='lat' dir='ltr'>et</span> <span class='ocrx_word' id='word_1_124' title='bbox 957 1698 1117 1748; x_wconf 90' lang='lat' dir='ltr'>omnis,</span> <span class='ocrx_word' id='word_1_125' title='bbox 1142 1699 1280 1740; x_wconf 88' lang='lat' dir='ltr'>abest.</span> 
     </span>
     <span class='ocr_line' id='line_1_22' title="bbox 270 1767 1197 1822; baseline -0.003 -12"><span class='ocrx_word' id='word_1_126' title='bbox 270 1767 483 1810; x_wconf 88' lang='lat' dir='ltr'>Consueti</span> <span class='ocrx_word' id='word_1_127' title='bbox 507 1768 657 1822; x_wconf 88' lang='lat' dir='ltr'>fugere</span> <span class='ocrx_word' id='word_1_128' title='bbox 680 1768 812 1817; x_wconf 87' lang='lat' dir='ltr'>sales,</span> <span class='ocrx_word' id='word_1_129' title='bbox 837 1768 987 1822; x_wconf 88' lang='lat' dir='ltr'>fugere</span> <span class='ocrx_word' id='word_1_130' title='bbox 1010 1767 1197 1821; x_wconf 84' lang='lat' dir='ltr'>lepores,</span> 
     </span>
     <span class='ocr_line' id='line_1_23' title="bbox 329 1835 1178 1891; baseline -0.001 -13"><span class='ocrx_word' id='word_1_131' title='bbox 329 1837 500 1878; x_wconf 91' lang='lat' dir='ltr'>Indolis</span> <span class='ocrx_word' id='word_1_132' title='bbox 522 1844 564 1879; x_wconf 87' lang='lat' dir='ltr'>et</span> <span class='ocrx_word' id='word_1_133' title='bbox 588 1836 797 1891; x_wconf 91' lang='lat' dir='ltr'>quicquid</span> <span class='ocrx_word' id='word_1_134' title='bbox 820 1835 1050 1880; x_wconf 91' lang='lat' dir='ltr'>nobilioris</span> <span class='ocrx_word' id='word_1_135' title='bbox 1073 1842 1178 1878; x_wconf 89' lang='lat' dir='ltr'>erat.</span> 
     </span>
     <span class='ocr_line' id='line_1_24' title="bbox 271 1903 1526 1960; baseline -0.002 -12"><span class='ocrx_word' id='word_1_136' title='bbox 271 1906 389 1948; x_wconf 90' lang='lat' dir='ltr'>Cura</span> <span class='ocrx_word' id='word_1_137' title='bbox 412 1906 521 1947; x_wconf 89' lang='lat' dir='ltr'>mihi</span> <span class='ocrx_word' id='word_1_138' title='bbox 545 1905 588 1947; x_wconf 90' lang='lat' dir='ltr'>in</span> <span class='ocrx_word' id='word_1_139' title='bbox 612 1906 788 1955; x_wconf 89' lang='lat' dir='ltr'>vitulos,</span> <span class='ocrx_word' id='word_1_140' title='bbox 811 1906 948 1960; x_wconf 89' lang='lat' dir='ltr'>pudet</span> <span class='ocrx_word' id='word_1_141' title='bbox 972 1905 1069 1954; x_wconf 90' lang='lat' dir='ltr'>heu,</span> <span class='ocrx_word' id='word_1_142' title='bbox 1093 1903 1344 1946; x_wconf 85' lang='lat' dir='ltr'>traducitur</span> <span class='ocrx_word' id='word_1_143' title='bbox 1365 1904 1526 1954; x_wconf 89' lang='lat' dir='ltr'>omnis,</span> 
     </span>
     <span class='ocr_line' id='line_1_25' title="bbox 329 1973 1328 2028; baseline -0.003 -11"><span class='ocrx_word' id='word_1_144' title='bbox 329 1976 424 2017; x_wconf 90' lang='lat' dir='ltr'>Nec</span> <span class='ocrx_word' id='word_1_145' title='bbox 447 1975 532 2017; x_wconf 90' lang='lat' dir='ltr'>nisi</span> <span class='ocrx_word' id='word_1_146' title='bbox 555 1976 608 2017; x_wconf 91' lang='lat' dir='ltr'>de</span> <span class='ocrx_word' id='word_1_147' title='bbox 631 1976 774 2017; x_wconf 92' lang='lat' dir='ltr'>bobus</span> <span class='ocrx_word' id='word_1_148' title='bbox 795 1974 1138 2028; x_wconf 90' lang='lat' dir='ltr'>vomeribusque</span> <span class='ocrx_word' id='word_1_149' title='bbox 1162 1973 1328 2028; x_wconf 92' lang='lat' dir='ltr'>loquor.</span> 
     </span>
     <span class='ocr_line' id='line_1_26' title="bbox 273 2041 1403 2099; baseline -0.002 -13"><span class='ocrx_word' id='word_1_150' title='bbox 273 2045 484 2099; x_wconf 90' lang='lat' dir='ltr'>Dumque</span> <span class='ocrx_word' id='word_1_151' title='bbox 508 2044 673 2099; x_wconf 88' lang='lat' dir='ltr'>loquor,</span> <span class='ocrx_word' id='word_1_152' title='bbox 696 2044 835 2085; x_wconf 91' lang='lat' dir='ltr'>risum</span> <span class='ocrx_word' id='word_1_153' title='bbox 857 2043 926 2085; x_wconf 91' lang='lat' dir='ltr'>vel</span> <span class='ocrx_word' id='word_1_154' title='bbox 949 2042 1272 2098; x_wconf 90' lang='lat' dir='ltr'>vespillonibus</span> <span class='ocrx_word' id='word_1_155' title='bbox 1295 2041 1403 2097; x_wconf 91' lang='lat' dir='ltr'>ipsis</span> 
     </span>
     <span class='ocr_line' id='line_1_27' title="bbox 331 2112 1158 2167; baseline -0.001 -13"><span class='ocrx_word' id='word_1_156' title='bbox 331 2113 522 2156; x_wconf 82' lang='lat' dir='ltr'>Excutio</span> <span class='ocrx_word' id='word_1_157' title='bbox 545 2114 723 2167; x_wconf 88' lang='lat' dir='ltr'>linguae</span> <span class='ocrx_word' id='word_1_158' title='bbox 747 2112 998 2154; x_wconf 87' lang='lat' dir='ltr'>rusticitate</span> <span class='ocrx_word' id='word_1_159' title='bbox 1021 2126 1158 2154; x_wconf 90' lang='lat' dir='ltr'>meae.</span> 
     </span>
     <span class='ocr_line' id='line_1_28' title="bbox 274 2181 1279 2235; baseline -0.002 -11"><span class='ocrx_word' id='word_1_160' title='bbox 274 2182 478 2224; x_wconf 90' lang='lat' dir='ltr'>Dedidici</span> <span class='ocrx_word' id='word_1_161' title='bbox 503 2183 661 2224; x_wconf 90' lang='lat' dir='ltr'>Latias</span> <span class='ocrx_word' id='word_1_162' title='bbox 684 2183 766 2224; x_wconf 92' lang='lat' dir='ltr'>sub</span> <span class='ocrx_word' id='word_1_163' title='bbox 790 2181 942 2235; x_wconf 89' lang='lat' dir='ltr'>iniquo</span> <span class='ocrx_word' id='word_1_164' title='bbox 966 2181 1109 2223; x_wconf 87' lang='lat' dir='ltr'>sidere</span> <span class='ocrx_word' id='word_1_165' title='bbox 1132 2194 1279 2231; x_wconf 91' lang='lat' dir='ltr'>voces,</span> 
     </span>
     <span class='ocr_line' id='line_1_29' title="bbox 332 2250 1905 2304; baseline -0.003 -11"><span class='ocrx_word' id='word_1_166' title='bbox 332 2251 536 2293; x_wconf 89' lang='lat' dir='ltr'>Dedidici</span> <span class='ocrx_word' id='word_1_167' title='bbox 561 2251 736 2294; x_wconf 87' lang='lat' dir='ltr'>Clariae</span> <span class='ocrx_word' id='word_1_168' title='bbox 759 2251 833 2293; x_wconf 88' lang='lat' dir='ltr'>fila</span> <span class='ocrx_word' id='word_1_169' title='bbox 856 2264 1033 2292; x_wconf 92' lang='lat' dir='ltr'>movere</span> <span class='ocrx_word' id='word_1_170' title='bbox 1057 2250 1192 2304; x_wconf 91' lang='lat' dir='ltr'>lyrae.</span> <span class='ocrx_word' id='word_1_171' title='bbox 1851 2257 1905 2299; x_wconf 93' lang='lat' dir='ltr'>7o</span> 
     </span>
     <span class='ocr_line' id='line_1_30' title="bbox 275 2318 1573 2375; baseline -0.003 -12"><span class='ocrx_word' id='word_1_172' title='bbox 275 2320 320 2363; x_wconf 93' lang='lat' dir='ltr'>Si</span> <span class='ocrx_word' id='word_1_173' title='bbox 345 2320 448 2374; x_wconf 92' lang='lat' dir='ltr'>quid</span> <span class='ocrx_word' id='word_1_174' title='bbox 471 2321 617 2363; x_wconf 92' lang='lat' dir='ltr'>adhuc</span> <span class='ocrx_word' id='word_1_175' title='bbox 642 2326 845 2375; x_wconf 89' lang='lat' dir='ltr'>superest</span> <span class='ocrx_word' id='word_1_176' title='bbox 870 2319 1002 2374; x_wconf 91' lang='lat' dir='ltr'>prisci</span> <span class='ocrx_word' id='word_1_177' title='bbox 1027 2318 1260 2368; x_wconf 89' lang='lat' dir='ltr'>sermonis,</span> <span class='ocrx_word' id='word_1_178' title='bbox 1285 2332 1468 2360; x_wconf 90' lang='lat' dir='ltr'>amurca</span> <span class='ocrx_word' id='word_1_179' title='bbox 1491 2323 1573 2367; x_wconf 87' lang='lat' dir='ltr'>est,</span> 
     </span>
     <span class='ocr_line' id='line_1_31' title="bbox 332 2387 1390 2444; baseline -0.004 -12"><span class='ocrx_word' id='word_1_180' title='bbox 332 2391 392 2431; x_wconf 87' lang='lat' dir='ltr'>Et</span> <span class='ocrx_word' id='word_1_181' title='bbox 415 2391 582 2440; x_wconf 86' lang='lat' dir='ltr'>sordes,</span> <span class='ocrx_word' id='word_1_182' title='bbox 606 2404 717 2444; x_wconf 90' lang='lat' dir='ltr'>quas</span> <span class='ocrx_word' id='word_1_183' title='bbox 739 2403 849 2444; x_wconf 88' lang='lat' dir='ltr'>gens</span> <span class='ocrx_word' id='word_1_184' title='bbox 870 2395 1034 2430; x_wconf 89' lang='lat' dir='ltr'>tractat</span> <span class='ocrx_word' id='word_1_185' title='bbox 1057 2387 1262 2443; x_wconf 89' lang='lat' dir='ltr'>agrestis,</span> <span class='ocrx_word' id='word_1_186' title='bbox 1287 2387 1390 2429; x_wconf 88' lang='lat' dir='ltr'>olet.</span> 
     </span>
     <span class='ocr_line' id='line_1_32' title="bbox 275 2457 1273 2513; baseline -0.003 -12"><span class='ocrx_word' id='word_1_187' title='bbox 275 2459 322 2501; x_wconf 88' lang='lat' dir='ltr'>Si</span> <span class='ocrx_word' id='word_1_188' title='bbox 345 2459 537 2510; x_wconf 89' lang='lat' dir='ltr'>dubitas,</span> <span class='ocrx_word' id='word_1_189' title='bbox 561 2458 701 2501; x_wconf 89' lang='lat' dir='ltr'>nostri</span> <span class='ocrx_word' id='word_1_190' title='bbox 725 2458 878 2513; x_wconf 89' lang='lat' dir='ltr'>lapsus</span> <span class='ocrx_word' id='word_1_191' title='bbox 902 2459 1099 2512; x_wconf 81' lang='lat' dir='ltr'>expende</span> <span class='ocrx_word' id='word_1_192' title='bbox 1123 2457 1273 2507; x_wconf 92' lang='lat' dir='ltr'>libelli,</span> 
     </span>
     <span class='ocr_line' id='line_1_33' title="bbox 336 2527 1272 2578; baseline -0.002 -9"><span class='ocrx_word' id='word_1_193' title='bbox 336 2528 396 2569; x_wconf 92' lang='lat' dir='ltr'>Hi</span> <span class='ocrx_word' id='word_1_194' title='bbox 419 2528 583 2571; x_wconf 88' lang='lat' dir='ltr'>facient</span> <span class='ocrx_word' id='word_1_195' title='bbox 607 2527 753 2578; x_wconf 82' lang='lat' dir='ltr'>dictis,</span> <span class='ocrx_word' id='word_1_196' title='bbox 778 2542 848 2569; x_wconf 91' lang='lat' dir='ltr'>me</span> <span class='ocrx_word' id='word_1_197' title='bbox 870 2527 1099 2576; x_wconf 90' lang='lat' dir='ltr'>reticente,</span> <span class='ocrx_word' id='word_1_198' title='bbox 1125 2527 1272 2568; x_wconf 90' lang='lat' dir='ltr'>fidem.</span> 
     </span>
     <span class='ocr_line' id='line_1_34' title="bbox 278 2596 1367 2652; baseline -0.003 -13"><span class='ocrx_word' id='word_1_199' title='bbox 278 2598 474 2652; x_wconf 87' lang='lat' dir='ltr'>Perlege,</span> <span class='ocrx_word' id='word_1_200' title='bbox 498 2597 534 2639; x_wconf 89' lang='lat' dir='ltr'>si</span> <span class='ocrx_word' id='word_1_201' title='bbox 558 2598 624 2639; x_wconf 88' lang='lat' dir='ltr'>fas</span> <span class='ocrx_word' id='word_1_202' title='bbox 647 2604 729 2648; x_wconf 89' lang='lat' dir='ltr'>est,</span> <span class='ocrx_word' id='word_1_203' title='bbox 754 2604 811 2647; x_wconf 90' lang='lat' dir='ltr'>et,</span> <span class='ocrx_word' id='word_1_204' title='bbox 837 2596 872 2638; x_wconf 91' lang='lat' dir='ltr'>si</span> <span class='ocrx_word' id='word_1_205' title='bbox 895 2603 1041 2646; x_wconf 87' lang='lat' dir='ltr'>vacat,</span> <span class='ocrx_word' id='word_1_206' title='bbox 1067 2596 1164 2637; x_wconf 91' lang='lat' dir='ltr'>elue</span> <span class='ocrx_word' id='word_1_207' title='bbox 1188 2609 1367 2645; x_wconf 89' lang='lat' dir='ltr'>naevos,</span> 
     </span>
    </p>
   </div>
   <div class='ocr_carea' id='block_1_4' title="bbox 219 2764 1903 2810">
    <p class='ocr_par' dir='ltr' id='par_1_4' title="bbox 219 2764 1903 2810">
     <span class='ocr_line' id='line_1_35' title="bbox 219 2764 1903 2810; baseline -0.004 -10"><span class='ocrx_word' id='word_1_208' title='bbox 219 2779 270 2809; x_wconf 89' lang='lat'>49.</span> <span class='ocrx_word' id='word_1_209' title='bbox 296 2769 429 2810; x_wconf 84' lang='lat' dir='ltr'>Pyliis.]</span> <span class='ocrx_word' id='word_1_210' title='bbox 473 2769 547 2801; x_wconf 90' lang='lat' dir='ltr'>The</span> <span class='ocrx_word' id='word_1_211' title='bbox 579 2776 672 2810; x_wconf 86' lang='lat' dir='ltr'>story</span> <span class='ocrx_word' id='word_1_212' title='bbox 699 2770 738 2801; x_wconf 90' lang='lat' dir='ltr'>of</span> <span class='ocrx_word' id='word_1_213' title='bbox 760 2769 819 2801; x_wconf 87' lang='lat' dir='ltr'>the</span> <span class='ocrx_word' id='word_1_214' title='bbox 846 2768 1014 2809; x_wconf 76' lang='lat' dir='ltr'>sliepherd</span> <span class='ocrx_word' id='word_1_215' title='bbox 1042 2769 1163 2799; x_wconf 84' lang='lat' dir='ltr'>Battus</span> <span class='ocrx_word' id='word_1_216' title='bbox 1185 2766 1372 2808; x_wconf 86' lang='lat' dir='ltr'>congealed</span> <span class='ocrx_word' id='word_1_217' title='bbox 1400 2773 1435 2798; x_wconf 87' lang='lat' dir='ltr'>to</span> <span class='ocrx_word' id='word_1_218' title='bbox 1465 2774 1585 2797; x_wconf 82' lang='lat' dir='ltr'>stone:</span> <span class='ocrx_word' id='word_1_219' title='bbox 1613 2764 1711 2802; x_wconf 91' lang='lat' dir='ltr'>Ovid,</span> <span class='ocrx_word' id='word_1_220' title='bbox 1736 2765 1831 2801; x_wconf 67' lang='lat' dir='ltr'>Met„</span> <span class='ocrx_word' id='word_1_221' title='bbox 1858 2765 1903 2794; x_wconf 87' lang='grc' dir='ltr'>ΙΙ.</span> 
     </span>
    </p>
   </div>
   <div class='ocr_carea' id='block_1_5' title="bbox 105 2824 256 2865">
    <p class='ocr_par' dir='ltr' id='par_1_5' title="bbox 105 2824 256 2865">
     <span class='ocr_line' id='line_1_36' title="bbox 105 2824 256 2865; baseline 0.013 -10"><span class='ocrx_word' id='word_1_222' title='bbox 105 2824 256 2865; x_wconf 84' lang='grc'>686-707.</span> 
     </span>
    </p>
   </div>
   <div class='ocr_carea' id='block_1_6' title="bbox 219 2877 1404 2974">
    <p class='ocr_par' dir='ltr' id='par_1_6' title="bbox 219 2877 1404 2974">
     <span class='ocr_line' id='line_1_37' title="bbox 219 2877 1404 2920; baseline -0.002 -11"><span class='ocrx_word' id='word_1_223' title='bbox 219 2888 271 2919; x_wconf 86' lang='lat'>52.</span> <span class='ocrx_word' id='word_1_224' title='bbox 298 2879 475 2919; x_wconf 65' lang='lat' dir='ltr'>Phineus]</span> <span class='ocrx_word' id='word_1_225' title='bbox 522 2880 561 2910; x_wconf 88' lang='lat' dir='ltr'>In</span> <span class='ocrx_word' id='word_1_226' title='bbox 579 2879 636 2911; x_wconf 88' lang='lat' dir='ltr'>the</span> <span class='ocrx_word' id='word_1_227' title='bbox 653 2885 746 2920; x_wconf 88' lang='lat' dir='ltr'>story</span> <span class='ocrx_word' id='word_1_228' title='bbox 762 2879 802 2910; x_wconf 89' lang='lat' dir='ltr'>of</span> <span class='ocrx_word' id='word_1_229' title='bbox 815 2880 979 2910; x_wconf 80' lang='lat' dir='ltr'>Perseus:</span> <span class='ocrx_word' id='word_1_230' title='bbox 1006 2877 1104 2915; x_wconf 80' lang='lat' dir='ltr'>ovid,</span> <span class='ocrx_word' id='word_1_231' title='bbox 1122 2878 1217 2914; x_wconf 65' lang='lat' dir='ltr'>Met„</span> <span class='ocrx_word' id='word_1_232' title='bbox 1234 2877 1275 2908; x_wconf 93' lang='lat' dir='ltr'>V.</span> <span class='ocrx_word' id='word_1_233' title='bbox 1295 2885 1404 2916; x_wconf 82' lang='lat'>231—3.</span> 
     </span>
     <span class='ocr_line' id='line_1_38' title="bbox 219 2931 1275 2974; baseline -0.003 -10"><span class='ocrx_word' id='word_1_234' title='bbox 219 2943 271 2974; x_wconf 86' lang='lat'>55.</span> <span class='ocrx_word' id='word_1_235' title='bbox 297 2934 336 2964; x_wconf 90' lang='lat' dir='ltr'>In</span> <span class='ocrx_word' id='word_1_236' title='bbox 354 2935 469 2974; x_wconf 83' lang='lat' dir='ltr'>nova.]</span> <span class='ocrx_word' id='word_1_237' title='bbox 514 2933 612 2973; x_wconf 84' lang='lat' dir='ltr'>Ovid,</span> <span class='ocrx_word' id='word_1_238' title='bbox 634 2944 669 2965; x_wconf 85' lang='lat' dir='ltr'>as</span> <span class='ocrx_word' id='word_1_239' title='bbox 687 2934 744 2964; x_wconf 81' lang='lat' dir='ltr'>the</span> <span class='ocrx_word' id='word_1_240' title='bbox 762 2940 840 2974; x_wconf 87' lang='lat' dir='ltr'>poet</span> <span class='ocrx_word' id='word_1_241' title='bbox 857 2933 896 2964; x_wconf 89' lang='lat' dir='ltr'>of</span> <span class='ocrx_word' id='word_1_242' title='bbox 909 2933 964 2964; x_wconf 86' lang='lat' dir='ltr'>the</span> <span class='ocrx_word' id='word_1_243' title='bbox 982 2931 1275 2973; x_wconf 68' lang='lat' dir='ltr'>Mctamorfflzoscs.</span> 
     </span>
    </p>
   </div>
  </div>
 </body>
</html>
