2594 3749
681 328 857 360 SATIRE
889 328 956 361 ΟΝ
989 329 1253 362 EGLISHEM.
1818 336 1870 380 47

237 444 348 501 Quis
369 444 493 500 vigor
513 444 692 499 ingenii,
718 459 831 499 quae
854 445 910 487 sit
934 446 1169 500 prudentia
1192 447 1325 501 genti,

296 515 499 563 Cernere,
525 513 688 556 mentis
710 513 838 568 inops
861 514 1113 568 iudiciique,
1138 516 1306 569 nequit.

237 583 357 636 Ergo
380 597 484 624 suas
506 583 690 624 demens
713 589 760 624 ut
785 583 976 637 primum
1000 585 1232 625 extrudere
1255 600 1426 627 merces

295 651 468 706 Coepit,
492 658 534 693 et
559 651 602 692 in
626 651 742 693 circo
765 653 931 705 grande
955 667 1113 694 sonare
1138 656 1164 673 “
1182 654 1345 708 sophos
1362 656 1413 696 '':

238 719 383 769 Ridet,
407 726 450 762 et
474 719 678 762 insolitos
700 720 814 762 tollit
837 721 1070 774 plebecula
1092 722 1309 771 ronchos;

293 790 351 831 Et
375 803 484 844 puer
506 796 548 832 et
572 789 726 832 sannis
747 790 927 843 garrula
950 790 1061 832 ludit
1086 805 1213 833 anus.

238 860 418 914 Hospes
440 860 495 902 ab
518 858 709 902 Arcadia
731 866 810 908 est,
834 859 896 901 ait
919 874 1061 909 unus;
1097 860 1274 903 subiicit
1299 861 1424 911 alter,

292 928 591 971 Abderitanae
614 935 795 983 pectora
817 929 959 983 plebis
982 929 1131 972 habet.

236 998 384 1048 Forte,
408 997 540 1039 refert
562 997 691 1047 alius,
718 997 967 1052 Psyllorum
992 1012 1014 1040 e
1038 997 1176 1052 stirpe
1200 1005 1376 1040 creatus

291 1065 440 1115 Venit,
465 1065 508 1107 in
532 1067 764 1107 obstantes
786 1072 834 1108 ut
858 1066 969 1108 ferat
993 1081 1118 1109 arma
1142 1068 1301 1109 Notos.
1786 1069 1871 1122 460

233 1135 322 1176 Aut
346 1134 417 1176 hic
440 1134 550 1177 forte
573 1135 646 1176 ille
669 1142 748 1183 est,
775 1135 952 1177 Priamo
975 1135 1049 1189 qui
1073 1142 1283 1178 strenuus
1307 1136 1411 1178 olim

290 1204 531 1254 Auxilium,
556 1205 633 1246 sed
656 1211 756 1259 post
783 1206 1002 1259 Pergama
1025 1211 1171 1259 capta,
1196 1205 1314 1247 tulit.

235 1273 367 1315 Multi
389 1273 719 1328 Amphistidem
743 1274 890 1327 (tanta
913 1281 979 1316 est
1003 1274 1261 1327 dementia),
1286 1274 1413 1316 multi

292 1343 609 1398 Mygdonidem
634 1343 796 1393 iurant,
820 1344 888 1385 vel
912 1343 1095 1385 rediisse
1121 1343 1307 1385 Midam.

233 1412 350 1468 Quid
372 1413 535 1455 faceret
558 1412 678 1467 vulgi
703 1412 901 1454 medicus
925 1412 1012 1454 iam
1036 1413 1220 1455 fabula?
1254 1414 1444 1468 praedae

291 1482 426 1535 Spem
449 1481 577 1535 liquit
601 1481 770 1523 nullam
794 1496 904 1536 gens
927 1482 1104 1524 oculata
1126 1481 1275 1523 nimis.

234 1550 403 1592 Haeret
426 1549 553 1605 inops
577 1550 740 1599 animi;
774 1550 944 1605 patriae
966 1565 1084 1592 nunc
1111 1550 1206 1593 dira
1232 1548 1406 1605 cupido,

291 1620 422 1661 Nunc
446 1619 647 1661 animum
670 1619 804 1662 tellus
827 1619 1100 1674 semiputata
1124 1620 1259 1661 subit.

233 1689 390 1742 Saepe,
415 1689 553 1738 nefas,
578 1689 736 1743 laqueo
759 1689 942 1731 molitur
964 1688 1180 1743 stringere
1203 1689 1354 1731 fauces

291 1758 394 1812 Ipse
413 1757 522 1799 sibi:
556 1757 600 1799 in
623 1772 837 1813 praeceps
860 1773 906 1800 se
929 1759 1033 1800 dare
1057 1773 1190 1813 saepe
1212 1764 1355 1813 parat.
1784 1770 1868 1813 470

232 1826 348 1868 Ante
371 1833 522 1868 tamen
547 1826 773 1868 cornicum
797 1827 950 1869 oculos
973 1827 1195 1881 configere
1218 1832 1379 1877 tentat,

289 1895 608 1950 Amissumque
631 1910 746 1938 nova
769 1895 989 1950 quaeritat
1017 1903 1110 1938 arte
1138 1897 1288 1939 decus.

233 1965 353 2018 Ergo
377 1971 519 2019 parat,
544 1965 699 2019 quales
720 1966 830 2020 pede
853 1965 962 2007 texit
987 1980 1164 2015 aranea,
1190 1980 1356 2015 casses,

287 2035 375 2076 Aut
399 2033 539 2076 levius
561 2034 597 2076 si
621 2049 733 2088 quae
756 2035 904 2077 bellua
927 2035 1055 2090 fingit
1078 2050 1206 2091 opus.

235 2104 422 2158 Hasque
445 2104 611 2158 palam,
638 2105 988 2159 Lugdunensem
1013 2119 1094 2147 ceu
1117 2105 1268 2146 rhetor
1289 2106 1343 2147 ad
1368 2119 1507 2154 aram,

290 2173 526 2215 Stentorea
548 2187 692 2228 nugas
712 2188 820 2215 voce
842 2173 1044 2228 sophista
1067 2173 1211 2216 blatit.

231 2240 404 2295 Virgilii
428 2256 528 2283 mus
551 2241 664 2284 rodit
689 2256 827 2296 opus;
862 2244 938 2284 sed
961 2242 1132 2297 syllaba
1156 2257 1256 2284 mus
1278 2248 1372 2291 θεῖς

291 2311 410 2365 Ergo
433 2311 608 2366 Virgilii
631 2311 804 2366 syllaba
826 2312 940 2354 rodit
963 2326 1090 2366 opus.

232 2379 315 2420 Est
339 2379 529 2434 populus
552 2379 738 2422 rationis
760 2394 945 2430 amans;
979 2387 1045 2422 est
1070 2380 1262 2436 populus
1285 2382 1440 2430 arbor3

172 2512 246 2544 459.
272 2504 490 2545 Psyllorum.]
536 2509 555 2522 “
570 2505 714 2547 Making
728 2515 798 2536 war
814 2515 859 2537 on
877 2506 935 2538 the
951 2505 1097 2544 winds,''
1119 2505 1263 2543 Herod„
1282 2506 1342 2538 IV.
1365 2516 1434 2547 173.

172 2559 246 2598 463.
271 2559 550 2600 Amphistidem.]
593 2560 668 2591 The
691 2560 821 2601 mythic
843 2561 963 2602 beings
987 2561 1132 2593 referred
1152 2567 1187 2592 to
1207 2561 1298 2598 here,
1317 2561 1383 2592 and
1404 2560 1633 2602 Mygdonides
1649 2561 1689 2592 os
1701 2567 1779 2592 next
1797 2561 1864 2592 line

60 2619 125 2649 are,
142 2612 208 2644 like
227 2613 350 2651 Midas,
367 2614 468 2646 taken
485 2625 523 2646 as
541 2621 637 2656 types
653 2615 693 2646 of
705 2614 803 2647 fools.

171 2669 245 2708 465.
269 2667 371 2709 Vulgi
396 2694 403 2701 .
433 2693 439 2701 .
467 2694 474 2700 .
504 2669 648 2709 fabula.]
691 2669 721 2700 A
738 2669 1028 2711 laughing-stock.

171 2722 245 2762 466.
271 2722 366 2754 Gens
381 2722 519 2754 oculata
535 2723 663 2763 nimis]
710 2723 794 2754 Folk
811 2729 870 2755 too
888 2724 1001 2766 sharp.

172 2777 245 2815 468.
269 2776 386 2808 Tellus
403 2777 635 2818 semiputata.]
682 2777 971 2810 Half-decimated
988 2778 1101 2810 earth!

171 2838 246 2869 475.
272 2828 567 2871 Lugdunensem.]
611 2829 768 2861 Allusion
793 2836 828 2861 to
851 2830 1008 2871 Juvenal,
1027 2831 1052 2861 1.
1070 2842 1122 2871 44.
1169 2830 1236 2861 Seu
1253 2830 1293 2862 of
1312 2830 1445 2862 “Del.'’
1470 2830 1562 2863 false.
1615 2830 1681 2861 Ceu
1700 2830 1733 2861 in
1755 2829 1857 2862 Midg.

172 2893 245 2924 479.
271 2883 333 2914 Est
356 2884 531 2925 populus]
576 2884 690 2916 These
713 2885 886 2926 sophisms
909 2895 965 2917 are
989 2885 1028 2916 of
1046 2886 1104 2917 the
1127 2885 1225 2917 order
1248 2895 1300 2917 we
1327 2885 1438 2922 know,
1465 2885 1547 2917 such
1573 2895 1610 2917 as
1626 2885 1741 2917 would
1764 2884 1863 2917 make

61 2935 366 2970 “horse-chestnut
379 2940 398 2953 '’
416 2939 460 2970 all
477 2949 543 2971 one
559 2938 641 2970 with
660 2943 679 2957 “
691 2939 851 2971 chestnut
870 2940 970 2971 horse
984 2942 1014 2972 ''.

3 3428 31 3749 ‚i
