2594 3749
640 343 707 376 ΟΝ
742 344 774 375 Α
806 345 1142 377 REMARKABLE
1177 347 1319 380 NOSE.
1800 353 1880 393 231

129 887 370 928 XXXVII.
411 887 497 927 DE
532 886 692 928 NASO
728 887 1000 929 NASONIS
1034 887 1370 929 CUIUSDAM
1407 885 1834 929 NASUTISSIMI.

254 1024 471 1067 Conditur
492 1024 576 1067 hoc
598 1024 773 1066 tumulo
796 1039 1007 1067 nasorum
1034 1024 1272 1074 maximus,
1298 1026 1449 1066 orbern

312 1094 440 1135 Flere
463 1095 616 1142 decet;
650 1093 711 1134 nil
735 1108 839 1144 non,
864 1094 947 1136 hoc
971 1101 1200 1148 pereunte,
1225 1093 1350 1148 perit.

256 1162 343 1204 Hic
367 1169 540 1216 poterat
563 1163 631 1204 vel
656 1177 777 1204 more
799 1164 934 1205 tubae
956 1163 1048 1205 fera
1071 1163 1186 1205 bella
1209 1163 1338 1213 ciere,

311 1232 522 1274 Scindere
544 1232 613 1273 vel
637 1231 827 1286 patriam
850 1232 1044 1274 vomeris
1066 1232 1208 1274 instar
1230 1232 1431 1274 humum.

255 1302 355 1342 Non
379 1301 516 1342 alium
539 1301 695 1343 fornax
717 1304 918 1355 optasset
944 1301 1134 1343 Lemnia
1156 1301 1305 1343 follem
1324 1316 1333 1350 3

312 1372 406 1412 Nec
430 1370 574 1425 magis
596 1371 746 1412 incudi
770 1371 960 1413 malleus
983 1378 1115 1426 aptus
1139 1378 1248 1413 erat.

255 1441 355 1481 Hoc
378 1440 597 1481 exantlari
620 1447 795 1494 poterat
820 1440 1007 1495 siphone
1030 1440 1207 1489 carina3

312 1510 412 1550 Hoc
436 1516 610 1562 poterat
634 1509 760 1551 clavo
782 1524 860 1564 per
881 1511 995 1551 vada
1018 1525 1150 1552 caeca
1172 1509 1277 1564 regi.

255 1580 381 1620 Haec
405 1578 599 1634 Libycas
622 1579 666 1620 in
690 1579 807 1621 bella
829 1580 946 1621 feras
969 1594 1141 1622 armare
1165 1579 1408 1634 proboscis‚

313 1649 439 1689 Haec
462 1655 668 1702 poterant
694 1649 880 1691 Pharios
902 1656 1046 1691 rostra
1069 1651 1223 1691 decere
1247 1651 1397 1691 boves.
1836 1663 1886 1689 10

254 1719 356 1758 Non
379 1717 464 1759 hoc
487 1717 687 1768 Alciden,
713 1718 824 1760 caeli
848 1718 922 1772 qui
947 1718 1141 1760 sustinet
1164 1733 1308 1768 axem,

312 1787 414 1827 Non
438 1787 520 1828 hoc
544 1787 776 1829 Atlantem
800 1788 1082 1830 dedecuisset
1106 1803 1231 1830 onus.

253 1857 394 1898 Vasta
418 1855 567 1897 minus
592 1856 756 1898 Rhodii
780 1864 1014 1911 gesserunt
1038 1864 1181 1899 rostra
1205 1857 1381 1906 colossi,

310 1925 393 1966 Vel
416 1925 557 1967 moles
579 1925 615 1967 si
640 1940 752 1979 quae
776 1925 917 1967 maior
939 1926 982 1967 in
1006 1928 1109 1968 orbe
1131 1925 1229 1968 fuit.

255 1996 338 2036 Pes
359 1994 534 2049 tripodi,
559 1994 710 2036 radius
732 1995 844 2037 caeli
869 1995 1148 2038 mensoribus
1171 2003 1314 2050 athS,

313 2063 487 2106 Pastori
509 2070 683 2119 poterat
706 2079 844 2106 nasus
866 2065 937 2107 hic
960 2080 1058 2107 esse
1082 2066 1259 2120 pedum.

254 2132 427 2175 Pistillo
449 2133 532 2175 hoc
556 2141 730 2188 poterat
754 2134 1125 2177 salsamentarius
1148 2135 1212 2176 uti
1233 2150 1242 2186 ;

312 2202 524 2257 Spongia,
549 2217 662 2256 quae
686 2217 867 2246 mensas
889 2211 1059 2258 tergere
1084 2212 1248 2258 posset,
1274 2210 1384 2245 erat.

255 2272 406 2313 Nasus
429 2271 500 2313 hic
523 2273 728 2315 admotas
752 2273 897 2328 potuit
921 2275 1188 2315 succendere
1210 2275 1381 2323 taedam,

313 2340 506 2382 Eminus
529 2341 776 2384 exstinctas
798 2342 887 2385 vidi
916 2342 1116 2385 animare
1143 2343 1275 2384 faces.
1831 2355 1886 2384 20

252 2410 405 2452 Arcuit
429 2409 500 2452 hic
524 2410 641 2453 Solis
664 2412 825 2462 radios,
850 2419 893 2454 et
917 2412 1119 2467 praebuit
1143 2413 1347 2454 umbram
1369 2427 1377 2461 ;

313 2480 412 2521 Hoc
435 2479 644 2522 dominus
666 2480 816 2535 pluvio
838 2488 964 2523 tutus
987 2482 1041 2524 ab
1065 2481 1204 2523 imbre
1226 2481 1322 2523 fuit.

253 2548 384 2590 Victa
407 2563 529 2590 mero
552 2549 726 2602 quoties
747 2551 950 2593 tradebat
974 2551 1144 2593 lumina
1167 2565 1340 2600 somno,

312 2618 433 2660 Huic
456 2618 676 2673 pulvinari
700 2620 814 2662 colla
841 2621 1021 2662 ferenda
1044 2620 1177 2662 dedit.

195 2743 444 2784 Nasutissimi.]
488 2743 563 2775 The
578 2745 756 2787 secondary
775 2746 938 2788 meaning
953 2747 992 2778 of
1004 2751 1023 2764 ‘⁴
1039 2747 1152 2788 sharp,
1171 2746 1305 2783 acute,‘'
1320 2746 1348 2777 is
1365 2752 1424 2777 not
1438 2744 1627 2787 applicable
1638 2742 1883 2785 here,judging

81 2796 164 2828 from
180 2797 238 2829 the
255 2797 335 2828 final
352 2798 480 2830 verdict
497 2808 541 2829 on
559 2799 616 2830 the
633 2809 724 2830 man.

196 2861 245 2883 10.
272 2851 411 2883 Pharios
424 2852 555 2892 boves.]
595 2853 748 2885 Another
765 2864 866 2885 name
882 2854 932 2886 for
950 2854 1007 2886 the
1025 2857 1044 2872 ‘⁴
1057 2854 1188 2895 Libyca
1200 2854 1296 2886 fera''
1313 2864 1350 2886 or
1366 2853 1503 2885 African
1518 2852 1700 2893 Elephant.
1741 2851 1883 2882 Pharius

87 2918 115 2930 =
133 2905 314 2946 Egyptian.
363 2907 465 2938 “Bos
494 2907 726 2939 Lucas⁷⁷was
755 2917 798 2940 an
826 2908 882 2940 old
912 2909 1012 2940 Latin
1042 2919 1141 2940 name
1166 2909 1214 2940 for
1240 2908 1422 2950 Elephant‚
1448 2917 1467 2939 a
1490 2907 1743 2939 remembrance
1767 2906 1806 2937 of
1824 2905 1882 2937 the

80 2968 166 2991 wars
189 2960 324 3002 against
349 2961 497 3001 Pyrrhus
521 2971 558 2993 as
581 2962 702 3003 waged
725 2962 758 2993 in
784 2963 948 2994 Lucania.
