2594 3749
640 356 721 408 278

1416 362 1507 393 PAR
1514 361 1655 393 ERGA.

869 482 963 524 Nec
985 487 1078 523 tarn
1103 494 1235 523 saeva
1257 479 1335 522 feri
1358 486 1537 534 pectora
1558 466 1761 520 Thraces*
1778 477 1959 519 habent.

813 550 899 592 His
920 550 1022 592 licet
1046 549 1090 591 in
1112 549 1235 591 vivos
1257 548 1427 591 levibus
1450 546 1619 589 saevire
1642 545 1833 601 sagittis,

869 619 1066 673 Corpora
1088 618 1340 660 functorum
1365 616 1547 671 cuspide
1571 629 1700 657 nemo
1723 614 1836 656 ferit.

814 687 899 728 His
921 701 1002 741 ego
1025 687 1263 728 debueram
1288 685 1458 728 cineres
1481 684 1665 726 miscere
1689 697 1936 738 supremos,

870 757 994 797 Inter
1014 762 1057 797 et
1081 754 1300 796 immanes
1322 768 1424 796 ossa
1445 753 1590 795 locare
1614 753 1768 795 Getas.

813 825 914 866 Non
938 838 1018 879 ego
1041 838 1158 865 nunc
1182 837 1388 877 quererer
1409 822 1643 864 suffossam
1667 819 1857 874 turpiter
1879 833 2052 869 urnam,

872 894 1105 946 Laesaque
1130 891 1347 946 supplicio
1374 890 1551 945 publica
1574 890 1668 932 iura
1692 903 1804 930 meo.

813 961 898 1016 Qui
923 961 1068 1003 scelus
1091 960 1286 1009 admisit,
1311 959 1478 1001 domini
1503 973 1549 1000 se
1572 958 1665 999 iure
1688 964 1852 1008 tuetur,

871 1029 1079 1071 Vindicat
1103 1035 1144 1070 et
1167 1028 1288 1082 genti
1311 1035 1464 1069 nostra
1489 1027 1724 1081 sepulchra
1747 1040 1865 1067 suae.

815 1099 914 1139 Mos
936 1098 1016 1140 fuit
1041 1097 1125 1147 hic,
1151 1097 1304 1147 fateor,
1331 1097 1522 1137 Iudaeos
1546 1095 1660 1137 inter
1683 1095 1878 1149 Apellas,

873 1166 1014 1219 Regia
1037 1168 1141 1208 dum
1168 1165 1375 1220 Solymae
1399 1171 1536 1206 staret
1560 1171 1602 1205 et
1627 1163 1717 1205 alta
1741 1163 1863 1205 Sion.

814 1235 985 1289 Cuique
1009 1250 1115 1276 suus
1137 1234 1362 1276 tumulum
1387 1232 1567 1274 domino
1589 1232 1828 1286 praebebat
1851 1231 2038 1286 agellus,

872 1307 931 1346 Et
955 1304 990 1345 si
1014 1318 1126 1358 quae
1149 1303 1315 1345 laribus
1338 1303 1489 1345 iuncta
1512 1315 1702 1344 caverna
1724 1301 1821 1343 fuit.

815 1373 1036 1416 Gentibus
1059 1379 1103 1414 at
1127 1371 1323 1425 reliquis,
1348 1371 1510 1426 quibus
1534 1377 1600 1413 est
1624 1369 1870 1412 reverentia
1894 1369 2015 1420 iuris,

871 1441 1009 1483 Terra
1031 1441 1287 1495 sepulturae
1309 1439 1486 1494 publica
1510 1453 1686 1494 semper
1708 1445 1816 1480 erat.

815 1510 1033 1553 Conditus
1057 1509 1246 1550 Euxinis
1267 1515 1393 1550 vates
1417 1508 1630 1562 Pelignus
1653 1507 1697 1549 in
1720 1506 1823 1557 oris,

872 1580 1076 1620 Ausones
1098 1584 1141 1619 et
1166 1577 1318 1620 Samio
1341 1578 1474 1619 busta
1497 1577 1655 1618 dedere
1678 1575 1787 1618 seni.

817 1646 1041 1702 Memphis
1064 1647 1198 1689 habet
1224 1645 1377 1701 Magni
1401 1645 1586 1696 cineres,
1610 1659 1692 1687 nec
1714 1644 1903 1687 fulmina
1926 1643 2029 1687 belli

872 1716 1119 1771 Scipiadas,
1145 1715 1309 1757 Decios
1336 1729 1416 1757 nec
1444 1729 1524 1757 sua
1546 1720 1664 1756 terra
1686 1713 1810 1768 tegit.

818 1785 934 1828 Itala
957 1792 1062 1840 quot
1088 1786 1273 1834 Poenos,
1301 1783 1415 1826 Italo
1438 1790 1544 1838 quot
1568 1782 1737 1824 semine
1760 1787 1905 1824 cretos

874 1854 1055 1897 Civibus
1078 1853 1326 1907 adscriptos
1351 1852 1519 1894 Punica
1540 1852 1658 1893 velat
1681 1851 1878 1894 humus?

817 1924 876 1965 Et
898 1929 1023 1964 vates
1047 1922 1082 1964 si
1105 1936 1208 1964 vera
1235 1928 1416 1970 canunt,
1440 1921 1692 1962 tumulatus
1714 1919 1759 1961 in
1783 1934 1871 1962 una

875 1993 1082 2046 Europae
1105 1997 1238 2045 atque
1261 1990 1392 2032 Asiae
1415 1990 1609 2032 creditur
1631 1990 1736 2031 urbe
1760 1987 1885 2031 cinis.

818 2061 1020 2103 Illustres
1043 2074 1290 2115 procerum,
1315 2074 1424 2114 quos
1447 2058 1518 2100 hic
1546 2058 1671 2100 locus
1697 2056 1876 2112 excipit,
1900 2058 2098 2107 umbrae,

876 2131 997 2171 Num
1022 2129 1129 2171 mihi
1152 2143 1231 2171 vos
1253 2128 1408 2184 puduit
1433 2127 1713 2170 conseruisse
1736 2127 1888 2169 latus?

816 2199 900 2250 Ah,
924 2198 1123 2249 memini,
1146 2198 1272 2240 vobis
1294 2212 1382 2240 non
1406 2197 1476 2239 hic
1500 2199 1641 2252 pudor
1662 2196 1836 2240 obstitit
1859 2195 1979 2246 olim,

876 2270 935 2310 Et
959 2267 1106 2309 minus
1129 2267 1172 2308 in
1195 2267 1307 2309 vivis
1330 2281 1456 2308 mens
1478 2266 1731 2308 truculenta
1753 2265 1850 2307 fuit.

818 2337 985 2380 Oscula
1007 2351 1085 2378 vos
1108 2336 1273 2378 teneris
1295 2335 1404 2378 iuvit
1429 2335 1564 2377 libare
1587 2335 1763 2390 puellis,

877 2407 1132 2460 Lacteaque
1156 2405 1199 2446 in
1223 2404 1374 2460 tepido
1397 2404 1510 2447 colla
1533 2404 1678 2446 fovere
1703 2403 1817 2446 sinu.

818 2474 955 2516 Nulla
977 2473 1059 2515 fuit
1083 2488 1171 2515 non
1193 2480 1337 2529 grata,
1360 2473 1509 2515 virens
1531 2474 1636 2515 dum
1661 2471 1808 2514 floruit
1833 2478 1972 2522 aetas,

878 2542 1095 2584 Dedecuit
1118 2548 1288 2584 vestros
1310 2541 1476 2584 femina
1499 2541 1622 2583 nulla
1644 2547 1779 2583 toros.

821 2612 951 2653 Nunc
972 2609 1046 2653 ubi
1068 2625 1146 2652 vos
1170 2609 1356 2661 domuit,
1381 2610 1484 2652 fecit
1509 2624 1628 2652 mors
1649 2608 1807 2663 frigida
1830 2609 1975 2657 duros,

839 2768 891 2800 37.
917 2757 1082 2799 Apellas.]
1125 2758 1173 2789 As
1191 2757 1223 2788 in
1242 2758 1327 2795 XL.‚
1345 2757 1366 2788 1.
1386 2767 1415 2797 3,
1432 2757 1471 2789 of
1483 2757 1540 2789 the
1556 2756 1681 2798 Jewish
1699 2766 1785 2788 tace.
1835 2756 1888 2787 On
1906 2754 1986 2786 dum
2004 2758 2118 2790 staret,
2137 2763 2193 2785 see
2209 2763 2241 2794 p.
2260 2762 2299 2793 55
2319 2763 2351 2783 n.

839 2823 891 2853 43.
920 2812 1109 2853 Pelignus]
1155 2812 1253 2844 Ovid.

839 2879 891 2908 44.
919 2867 1035 2898 Samio
1052 2866 1152 2907 seni.]
1199 2866 1420 2907 Pythagoras.

840 2933 892 2963 45.
919 2922 1066 2963 Magni]
1113 2921 1294 2962 Pompeius
1317 2922 1475 2962 Magnus.

840 2987 891 3016 50.
918 2977 998 3008 Una
1014 2976 1124 3016 urbe.]
1169 2975 1271 3016 Troy,
1293 2985 1330 3007 as
1347 2974 1404 3006 the
1422 2977 1635 3006 “commune
1653 2973 1844 3015 sepulcrum
1857 2973 1876 2987 ’'
1893 2978 1929 3004 to
1947 2971 2083 3013 Europe
2101 2969 2168 3002 and
2185 2969 2278 3002 Asia.

2380 626 2434 666 30

2386 1313 2441 1353 40

2391 1999 2443 2041 50
