2594 3749
643 340 689 378 18
1415 346 1651 378 PARERGA.

715 815 790 855 IV.
837 815 1193 857 CONSILIUM
1229 815 1534 856 COLLEGII
1573 814 1801 856 MEDICI
1840 813 2238 855 PARISIENSIS
2274 813 2359 854 DE

1006 883 1206 923 MANIA
1242 883 1624 923 HYPERMORI
1662 880 2071 924 MEDICASTRI.

810 1021 935 1074 Quae
961 1018 1305 1061 Buchananaeis
1329 1018 1596 1060 medicaster
1617 1018 1804 1060 crimina
1836 1017 1980 1060 Musis

868 1087 1045 1137 Obiicit‚
1070 1095 1111 1129 et
1136 1102 1222 1141 quo
1245 1102 1291 1129 se
1315 1087 1450 1129 iactat
1475 1087 1606 1128 inane
1634 1087 1788 1137 melos,

811 1155 1041 1197 Vidimus:
1075 1162 1118 1197 et
1141 1162 1357 1209 quotquot
1381 1163 1629 1197 tractamus
1655 1155 1845 1197 Paeonis
1868 1162 2002 1205 artes,

870 1223 957 1266 Hic
979 1231 1119 1274 vates,
1146 1239 1232 1265 uno
1255 1223 1446 1265 diximus
1469 1238 1556 1274 ore,
1580 1223 1699 1266 furit.

811 1293 892 1333 Est
916 1292 1034 1333 furor
1056 1292 1141 1342 hic,
1166 1293 1241 1334 sed
1265 1306 1352 1334 non
1377 1292 1521 1346 qualis
1544 1292 1654 1334 solet
1683 1307 1780 1334 esse
1813 1291 1977 1342 Poetis,

870 1361 1054 1402 Pectora
1080 1360 1222 1402 Pierio
1245 1376 1346 1402 cum
1371 1361 1546 1402 caluere
1576 1362 1687 1402 Deo.

813 1429 899 1470 Hic
924 1429 1249 1471 Athamanteas
1270 1429 1421 1480 furias,
1446 1429 1517 1472 hic
1541 1429 1685 1471 cernis
1713 1429 1913 1479 Orestis;

866 1497 1018 1552 Thyas
1043 1499 1388 1552 Hypermorum,
1413 1498 1479 1540 vel
1505 1499 1798 1553 Corybantes,
1822 1505 1976 1552 agunt.

810 1568 917 1607 Atra
941 1568 1099 1608 sedens
1122 1566 1183 1607 illi
1207 1566 1372 1608 circum
1397 1566 1654 1621 praecordia
1678 1566 1778 1609 bilis

860 1636 1060 1684 Aestuat,
1082 1642 1123 1676 et
1148 1636 1375 1677 cerebrum
1399 1635 1579 1690 corripit
1602 1649 1734 1677 omne
1757 1635 1864 1677 lues.
2389 1646 2440 1676 10

812 1703 1134 1745 Transversum
1158 1703 1328 1758 rapitur
1350 1719 1477 1746 mens
1500 1704 1583 1746 hoc
1607 1704 1771 1746 infecta
1793 1718 1980 1754 veneno,

872 1773 930 1813 Et
954 1787 1066 1826 quae
1089 1772 1159 1813 vix
1183 1774 1314 1814 audet
1338 1773 1502 1823 fabula,
1527 1780 1729 1815 monstra
1752 1773 1880 1827 parit.

813 1841 868 1881 Se
893 1842 1060 1894 Regem
1086 1848 1212 1895 putat
1236 1841 1386 1895 upilio,
1410 1841 1665 1895 bellumque
1688 1841 1884 1884 minatur

872 1909 1106 1958 Horridus,
1131 1916 1173 1950 et
1196 1909 1394 1964 trepidas
1416 1909 1622 1951 fulminat
1647 1909 1761 1951 inter
1783 1924 1901 1951 oves.

816 1978 1048 2030 Sceptrum
1072 1984 1138 2018 est
1161 1977 1246 2019 vile
1270 1979 1446 2032 pedum,
1472 1984 1576 2019 sunt
1601 1977 1742 2020 hirtae
1766 1992 1961 2033 purpura
1984 1976 2122 2032 pelles
2143 1992 2151 2025 3

874 2046 932 2086 Et
956 2060 1060 2087 casa
1084 2061 1230 2100 parva,
1252 2047 1412 2088 domus
1434 2046 1554 2101 regia
1575 2062 1583 2095 ;
1618 2061 1738 2101 rapa,
1763 2048 1914 2101 dapes,

819 2113 903 2154 Hic
928 2114 1092 2155 tacitus
1114 2121 1280 2169 captat,
1306 2114 1386 2156 sibi
1411 2114 1533 2156 visus
1555 2129 1733 2164 aranea,
1760 2129 1951 2164 muscas,

875 2182 961 2223 Hic
986 2182 1117 2224 tritici
1143 2197 1329 2235 granum
1355 2198 1400 2224 se
1424 2191 1559 2232 ratus,
1581 2183 1728 2224 horret
1752 2198 1871 2224 aves.

817 2252 928 2290 Sunt
953 2250 1155 2298 vitreum,
1179 2257 1281 2292 sunt
1305 2251 1378 2304 qui
1403 2253 1583 2292 credant
1607 2251 1689 2292 sibi
1714 2251 1847 2293 fictile
1870 2265 2042 2305 corpus,

874 2321 1210 2372 Occursumquc
1233 2319 1463 2360 hominum
1488 2319 1770 2373 compitaque
1794 2319 1890 2374 ipsa
1913 2319 2086 2360 timent.
2391 2329 2443 2358 20

820 2386 1023 2427 Vidimus
1046 2394 1087 2428 et
1111 2387 1184 2441 qui
1209 2402 1254 2428 se
1278 2387 1436 2428 vitales
1460 2389 1655 2429 crederet
1679 2402 1810 2429 auras

877 2454 1095 2508 Liquisse‚
1121 2462 1162 2496 et
1189 2455 1367 2510 Stygias
1384 2455 1479 2510 jam
1504 2463 1761 2510 penetrasse
1783 2456 1952 2496 domos.

822 2524 919 2564 Non
944 2523 1005 2563 illi
1029 2523 1235 2573 coniunx,
1260 2538 1347 2565 non
1372 2523 1433 2564 illi
1458 2524 1642 2578 pignora
1666 2538 1812 2573 curae,

877 2593 969 2633 Nec
992 2591 1058 2634 fas
1081 2593 1303 2634 humanas
1325 2592 1392 2633 vel
1416 2592 1616 2647 tetigisse
1639 2594 1790 2647 dapes.

763 2739 846 2769 Line
868 2749 892 2770 1.
930 2739 1215 2780 Buchananaeis.]
1261 2740 1313 2770 On
1339 2739 1396 2771 the
1420 2739 1568 2781 analogy
1592 2740 1631 2771 os
1650 2740 1734 2771 such
1759 2750 1796 2771 as
1821 2743 1840 2757 ‘⁴
1856 2739 2092 2780 Augusteus’'.
2154 2737 2229 2769 The
2252 2735 2444 2778 diphthong

644 2805 669 2822 η’
690 2794 736 2823 sor
755 2805 768 2822 ι’
787 2794 813 2823 is
831 2794 1086 2835 philologically
1103 2793 1177 2833 bad,
1199 2794 1329 2835 though
1348 2794 1455 2825 usesul
1475 2794 1523 2825 sor
1541 2795 1598 2826 the
1615 2800 1731 2826 metrc.

764 2858 786 2878 1.
820 2848 1050 2887 Medicaster.j
1105 2849 1389 2889 Contemptuous‚
1408 2848 1472 2880 like
1489 2859 1549 2880 our
1568 2853 1586 2866 ‘⁴
1600 2850 1773 2880 Poetaster
1787 2849 1818 2878 ”.
1868 2847 2077 2884 Medieellus,
2095 2847 2128 2878 in
2146 2847 2199 2884 V.‚
2217 2855 2290 2887 524.

766 2913 809 2939 μς.
840 2904 882 2933 Se
900 2913 1011 2943 regem
1031 2908 1125 2943 putat
1142 2902 1273 2943 upilio]
1319 2902 1402 2934 This
1423 2913 1567 2944 passage
1585 2913 1622 2934 as
1639 2909 1674 2934 to
1691 2903 1747 2934 the
1765 2902 2028 2934 hallucinations
2051 2901 2090 2933 os
2109 2901 2187 2932 mad
2211 2900 2279 2932 solk
2297 2900 2325 2931 is
2341 2909 2362 2931 a
2377 2898 2444 2930 fine

647 2957 815 2996 specimen
834 2957 1084 2996 ofjohnston's
1101 2967 1181 2997 easy
1198 2957 1294 2997 style.
1343 2958 1508 2998 Compare
1527 2957 1583 2989 the
1602 2957 1770 2988 incidents
1788 2957 1820 2988 in
1839 2957 1946 2997 Βίαν)ι
1964 2956 2006 2998 os
2023 2968 2041 2987 a
2060 2957 2145 2987 Late
2161 2953 2354 2996 Physician.
