2594 3749
654 303 734 335 HIS
766 302 989 334 LAWSUIT
1020 303 1084 333 AT
1119 301 1354 335 MALINES.
1821 306 1901 349 123

105 987 283 1028 XVIII.
346 987 429 1027 AD
492 986 1107 1027 REVERENDISSIMOS
1170 985 1361 1026 VIROS
1426 985 1482 1025 D.
1543 984 1753 1027 NICOL.
1815 983 1901 1025 DU

278 1068 440 1116 FIEF,
519 1066 601 1107 ET
679 1067 735 1107 D.
812 1066 1049 1106 PHILIP.
1126 1064 1380 1115 IONART,
1457 1065 1906 1107 CONSILIARIOS

276 1148 520 1190 CURIAE
575 1147 1092 1189 MECHLINIENSIS
1145 1146 1588 1188 AMPLISSIMOS.

278 1309 388 1359 Fife,
413 1308 645 1352 Caledonii
669 1308 753 1358 ius,
777 1314 819 1350 et
846 1309 1041 1358 Ionarte,
1066 1306 1243 1357 clientis

334 1379 478 1419 Ambo
500 1377 632 1419 simul
656 1377 756 1419 forti
781 1377 1062 1418 sustinuistis
1084 1391 1181 1430 ope.

276 1448 520 1488 Amborum
545 1446 619 1500 qui
644 1446 782 1487 sensit
806 1461 951 1500 opem,
976 1446 1108 1487 simul
1139 1445 1328 1500 impiger
1349 1446 1505 1488 ambos

335 1517 466 1558 Nunc
490 1515 597 1565 adit,
623 1522 664 1557 et
687 1522 851 1570 grates,
877 1531 988 1570 quas
1016 1515 1255 1566 meruistis,
1280 1515 1388 1570 agit.

277 1585 477 1627 Nitimur
498 1585 738 1639 exemplis:
774 1600 926 1626 sacrae
948 1592 1077 1626 vetus
1100 1585 1245 1626 incola
1268 1585 1405 1639 rupis,

333 1653 574 1696 Terminus
596 1653 795 1695 Ausonio
819 1668 920 1695 cum
946 1655 1051 1696 Iove
1074 1654 1244 1708 templa
1267 1659 1404 1695 tenet.

276 1723 335 1764 Et
359 1724 446 1764 duo
469 1722 754 1777 Tyndaridae
777 1737 878 1764 curn
903 1722 1007 1773 sint,
1032 1722 1104 1777 pia
1128 1723 1326 1770 numina,
1348 1722 1518 1770 fratres,

337 1793 440 1835 Una
461 1799 615 1834 tamen
638 1791 817 1846 gemino
842 1792 1056 1834 sternitur
1077 1807 1153 1834 ara
1178 1793 1291 1834 Deo.

276 1862 369 1903 Vos
392 1861 500 1902 mihi
524 1860 822 1916 Tyndaridae,
847 1867 994 1902 vestro
1019 1861 1127 1902 mihi
1151 1861 1334 1902 numine
1356 1861 1491 1903 tellus

336 1930 567 1980 Redditur,
593 1936 635 1972 et
659 1944 772 1984 quae
795 1929 882 1971 iam
906 1930 1095 1984 fugerat,
1121 1929 1238 1972 alma
1261 1930 1397 1971 salus.
1857 1942 1908 1970 10

279 1999 365 2041 His
388 2014 469 2053 ego
492 1999 527 2040 si
550 1999 721 2040 meritis
744 2013 878 2041 coner
899 2014 978 2054 par
999 2001 1194 2049 reddere,
1220 2001 1418 2049 demens,

335 2069 463 2124 Quod
485 2068 587 2110 tulit
611 2068 802 2118 Alcides,
828 2068 982 2110 tollere
1005 2068 1124 2110 nitar
1145 2083 1272 2110 onus.

278 2137 442 2179 Omnia
464 2139 569 2179 dum
593 2152 746 2191 penso,
771 2137 942 2179 meritis
965 2139 1069 2178 dum
1095 2138 1270 2179 confero
1294 2137 1432 2179 tantis

337 2206 556 2256 Praemia,
581 2206 808 2256 deficiunt,
833 2213 875 2247 et
899 2206 994 2248 leve
1017 2208 1191 2260 pondus
1215 2207 1397 2248 habent.

278 2276 416 2331 Queis
438 2276 537 2317 litat
563 2277 766 2318 Heroum
789 2291 900 2330 gens
923 2277 1166 2327 fortunata,
1192 2276 1418 2325 iuvencos,

336 2346 544 2400 Ipsaque,
569 2347 674 2387 dum
698 2346 821 2396 libat,
845 2352 946 2388 tura
968 2346 1109 2400 perire
1132 2346 1266 2387 videt.

280 2416 389 2457 Pars
412 2416 504 2458 abit
529 2416 572 2457 in
597 2416 757 2466 fumos,
783 2431 885 2471 pars
908 2417 1018 2458 haec
1042 2416 1242 2457 vanescit
1267 2415 1311 2456 in
1335 2415 1474 2469 ignes,

339 2484 422 2540 Qui
447 2491 664 2539 superest,
687 2485 808 2526 venti
832 2485 880 2526 fit
905 2499 1019 2526 nova
1043 2486 1219 2539 praeda,
1245 2484 1371 2526 cinis.

279 2553 389 2595 Fine
411 2560 546 2604 caret,
571 2554 623 2595 de
646 2568 716 2595 me
740 2554 884 2608 pietas
907 2554 1022 2607 quod
1044 2559 1193 2595 vestra
1218 2559 1425 2602 meretur,

337 2623 431 2663 Nec
454 2622 537 2663 nisi
563 2637 663 2664 cum
688 2622 812 2664 caelo
837 2622 1144 2675 sideribusque
1167 2628 1279 2663 ruet.
1853 2632 1906 2662 20

279 2692 403 2746 Quas
424 2692 528 2733 dare
550 2691 752 2733 fortunas
774 2699 990 2746 poteram,
1016 2706 1110 2732 sors
1134 2690 1333 2741 abstulit,
1357 2698 1399 2733 et
1422 2690 1476 2732 lis

336 2759 425 2801 Ter
445 2761 587 2803 tribus
609 2760 653 2802 in
677 2761 839 2815 triplici
867 2760 1096 2803 mensibus
1118 2767 1219 2802 acta
1241 2760 1348 2801 foro.

197 2927 224 2948 1.
257 2918 358 2958 Fife.]
401 2919 554 2950 Another
571 2918 750 2959 delightful
767 2918 853 2950 little
870 2929 958 2959 gem,
976 2918 1035 2949 full
1052 2919 1091 2950 of
1103 2918 1247 2959 sparkle‚
1265 2928 1285 2949 a
1301 2917 1405 2949 series
1421 2918 1460 2949 of
1477 2917 1590 2958 happy
1607 2917 1851 2949 coruscations.
