2594 3749
646 302 714 334 ΟΝ
750 301 1021 334 RAPACIOUS
1055 302 1264 334 SAILORS.
1805 307 1884 349 105

253 421 373 474 Ergo
397 418 668 462 Caledoniae
691 418 867 474 populis
890 419 963 473 qui
987 418 1082 460 iura
1106 418 1350 469 ministras,

308 489 378 531 Tu
402 489 525 538 mihi,
550 489 750 543 Calliope
774 503 907 543 quam
936 489 1103 542 nequit,
1128 489 1235 530 affer
1257 503 1402 543 opem.

253 559 355 600 Non
378 573 460 612 ego
482 558 671 609 restitui,
697 572 783 612 quo
806 573 904 600 sum
929 559 1140 608 nudatus,
1165 557 1395 609 amictum,

310 629 403 670 Lex
431 629 778 682 repetundarum
802 628 859 670 sit
882 628 983 670 licet
1007 627 1097 678 illa,
1122 634 1238 682 peto.

249 696 394 748 Absit,
419 703 467 739 ut
491 698 602 740 haec
625 697 824 739 humeris
847 711 1045 751 unquam
1067 696 1292 739 velamina
1315 696 1480 739 nostris

309 766 543 820 Aptemus,
568 766 721 820 piceae
744 781 858 820 quae
880 766 1066 820 tetigere
1090 779 1265 807 manus

250 834 334 876 Illa
354 835 423 876 vel
447 835 677 877 infandam
700 842 912 890 superant
935 835 1101 876 foetore
1127 834 1379 889 Mephitim,

309 904 368 945 Et
392 918 506 958 quae
529 904 820 958 sulphureum
845 911 1006 958 stagna
1030 903 1231 946 bitumen
1254 903 1388 945 olent.

252 974 378 1028 Quod
403 980 518 1027 peto,
544 972 811 1027 supplicium
836 980 929 1015 est:
964 973 1075 1015 satis
1099 973 1181 1014 hoc
1205 973 1429 1015 elementa
1452 973 1736 1023 ministrant3

309 1042 502 1095 Imperio
525 1043 714 1084 subsunt
738 1042 854 1096 ignis
877 1048 918 1083 et
943 1043 1061 1083 unda
1084 1049 1175 1083 tuo.
1804 1056 1883 1096 140

250 1111 376 1164 Quae
399 1110 550 1152 nocuit
573 1125 682 1164 gens
704 1111 788 1152 hac
816 1110 1120 1160 interdicatur,
1146 1116 1188 1152 et
1216 1110 1305 1160 illo,

306 1179 410 1229 Aut,
436 1194 570 1233 quam
595 1179 754 1229 sulcat,
779 1194 896 1233 aqua
920 1194 1083 1233 merge,
1107 1179 1176 1220 vel
1201 1193 1277 1221 ure
1300 1193 1420 1233 rogo.

248 1247 330 1288 Vel
354 1248 526 1302 laqueis
548 1248 661 1290 elide
683 1248 827 1302 gulas,
852 1255 899 1290 ut
923 1248 966 1289 in
990 1254 1090 1290 a‘e’re
1113 1247 1228 1303 plebi

307 1316 585 1366 Ludibrium,
610 1318 730 1358 nudo
755 1317 919 1359 vertice
945 1324 1100 1371 pascat
1128 1331 1247 1359 aves.

249 1385 330 1426 Vel
357 1385 616 1427 Diomedeis
639 1386 809 1428 laceros
831 1385 1119 1440 praesepibus
1143 1392 1267 1428 artus

307 1455 475 1504 Obiice,
499 1455 568 1496 vel
591 1454 758 1509 rapidis
780 1455 950 1497 viscera
973 1462 1104 1509 rupta
1127 1454 1257 1509 lupis.

249 1523 343 1564 Nec
367 1524 544 1573 desunt,
571 1523 760 1565 Metium
785 1538 898 1577 quae
922 1523 1209 1578 discerpsere,
1235 1523 1491 1577 quadrigae,

307 1593 415 1642 Nec,
440 1592 514 1646 qui
538 1594 737 1634 membra
767 1593 868 1634 Lini
896 1593 1129 1647 diripuere,
1155 1607 1302 1635 canes.

249 1662 362 1703 Sunt
385 1676 556 1712 ocreae,
582 1677 695 1716 quae
718 1677 846 1704 crura
868 1669 1088 1716 premant,
1114 1669 1156 1704 et
1180 1677 1356 1713 nervuS,
1381 1669 1423 1704 et
1447 1677 1602 1713 uncus,

306 1731 460 1781 Simia,
487 1746 577 1781 sus,
603 1746 800 1786 serpens,
825 1732 961 1782 scala,
987 1732 1182 1780 metalla,
1204 1739 1341 1774 rotae.
1802 1744 1882 1786 150

248 1800 294 1841 Si
318 1802 434 1854 quod
457 1801 618 1851 adhuc,
643 1808 742 1855 post
766 1800 887 1842 mille
910 1815 1055 1851 neces,
1080 1816 1312 1855 superesse
1335 1802 1525 1844 cadaver

305 1870 440 1911 Forte
462 1870 599 1920 vides,
623 1870 798 1912 tumulo
821 1884 876 1911 ne
899 1870 1070 1924 patiare
1092 1870 1197 1924 tegi.

248 1938 392 1992 Impia
414 1953 539 1993 gens,
562 1945 711 1981 vatem
736 1953 849 1993 quae
872 1939 1114 1981 denudavit
1138 1939 1321 1989 amictu,

305 2008 358 2048 In
381 2009 500 2049 nudo
522 2007 682 2050 meruit
706 2009 825 2050 nuda
848 2008 992 2050 iacere
1019 2008 1127 2049 solo.

247 2076 452 2130 Denique
474 2083 580 2130 quot
603 2077 821 2118 scelerum
844 2077 1005 2119 vindex
1030 2076 1312 2119 Rhamnusia
1335 2091 1516 2132 poenas,

304 2144 497 2199 Stringe,
522 2159 684 2199 parens
706 2145 869 2200 legum,
895 2152 1000 2199 quot
1023 2152 1145 2187 tenet
1169 2160 1294 2188 arma
1316 2145 1518 2187 Themis.

246 2213 361 2255 Cum
386 2215 491 2256 Iove
512 2220 607 2256 tota
631 2214 733 2256 licet
758 2215 978 2268 Superum
1006 2228 1115 2268 gens
1141 2221 1313 2256 exserat
1337 2214 1440 2264 iras,

305 2282 411 2323 Plus
433 2297 570 2337 pecus
592 2282 675 2324 hoc
698 2282 818 2325 dices
841 2283 1159 2325 commeruisse
1182 2283 1303 2325 mali.

192 2427 263 2458 149.
289 2420 376 2451 Sunt
391 2419 541 2461 ocreae.]
581 2419 738 2453 Allusion
756 2426 792 2452 to
809 2420 867 2452 the
883 2420 970 2462 grim
989 2420 1204 2458 instrument,
1222 2420 1280 2453 the
1304 2424 1323 2438 ‘⁴
1336 2421 1478 2458 Boots,”
1495 2420 1579 2453 used
1595 2420 1628 2452 in
1648 2419 1813 2453 Seotland
1829 2420 1880 2452 for

77 2479 240 2512 purposes
264 2473 304 2504 of
318 2473 459 2514 judicial
483 2479 623 2506 torture.
