2594 3749
656 324 736 353 202
1436 321 1676 353 PARERGA.

827 438 1026 480 Crimina
1050 438 1241 480 Phocaei
1265 438 1437 480 iuvenis
1461 453 1548 480 non
1570 438 1680 479 vidit
1705 438 1913 486 Orestes3

884 508 1057 550 Caecus
1079 509 1134 549 ad
1157 507 1377 549 Aeacidae
1400 514 1555 561 stupra
1581 507 1812 549 Patroclus
1835 512 1940 548 erat.

828 577 920 618 Nec
944 575 1043 630 pius
1066 577 1241 618 Aeneas
1264 577 1409 618 fidum.
1425 576 1620 631 culpavit
1645 576 1881 624 Achatem,

883 646 1073 688 Castora
1095 659 1175 687 nec
1200 645 1371 696 Pollux,
1398 645 1730 688 Peirithoumve
1753 659 1913 687 comes.
2397 644 2452 685 60

827 713 874 756 Si
898 721 1040 768 potes,
1065 714 1250 756 hostiles
1273 714 1448 756 animos
1471 714 1708 770 paulisper,
1729 721 1771 755 et
1799 728 1923 755 arma

887 784 1041 832 Indue,
1067 797 1296 824 censorem
1324 783 1473 837 qualia
1495 784 1604 825 ferre
1627 785 1765 825 decet.

827 852 935 894 Atra
959 852 1239 902 videbuntur,
1265 853 1476 907 nigroque
1501 853 1730 895 simillima
1753 867 1899 901 corvo,

884 922 1010 976 Quae
1034 921 1133 963 nive
1157 936 1274 963 nunc
1299 921 1458 963 Getica
1481 921 1738 963 candidiora
1761 928 1906 975 putas.

828 990 873 1032 Si
897 997 1049 1032 tamen
1074 991 1318 1045 inceptum,
1342 1005 1430 1032 non
1458 990 1708 1040 exorabilis,
1733 1004 1878 1044 urges,

886 1060 946 1100 Et
971 1074 1082 1113 quae
1106 1074 1194 1101 non
1218 1059 1373 1110 merui,
1397 1059 1519 1114 prela
1543 1059 1690 1101 subire
1714 1059 1864 1100 iubes:

830 1128 1030 1170 Ulterius
1054 1143 1251 1183 pugnare
1275 1129 1425 1170 nefas:
1461 1143 1546 1182 quo
1569 1128 1750 1170 iusseris
1773 1127 1860 1178 ibo,

886 1198 945 1239 Et
969 1197 1085 1252 leget
1109 1212 1278 1239 errores
1300 1197 1418 1239 orbis
1441 1204 1628 1252 uterque
1652 1212 1790 1239 meos.

829 1267 928 1308 Hac
951 1281 1045 1321 ope,
1069 1282 1179 1321 quos
1203 1282 1377 1309 mecum
1401 1267 1596 1318 vinxisti,
1622 1268 1769 1317 Scote,
1796 1266 1961 1316 Poetis,

885 1337 944 1376 Et
969 1336 1138 1390 patriae
1160 1336 1282 1378 dicar
1304 1336 1581 1378 consuluisse
1605 1351 1745 1378 meae.
2401 1348 2456 1390 70

825 1404 1066 1460 Temperat
1090 1406 1191 1448 alba
1214 1405 1367 1460 nigris,
1393 1405 1638 1460 miscetque
1661 1405 1884 1447 coloribus
1906 1405 2100 1452 umbras,

884 1474 1097 1529 Quisquis
1121 1475 1306 1530 Apellea
1334 1475 1505 1529 quaerit
1529 1476 1584 1517 ab
1607 1482 1701 1517 arte
1728 1476 1879 1517 decus.

828 1543 988 1584 Purius
1011 1550 1232 1585 astrorum
1257 1543 1393 1586 micat
1418 1544 1533 1586 inter
1556 1545 1687 1586 Luna
1709 1543 1899 1594 favillas,

887 1612 1047 1653 Purius
1071 1613 1114 1654 in
1138 1613 1332 1655 tenebris
1355 1613 1526 1655 lumina
1549 1619 1712 1655 cuncta
1734 1613 1892 1654 nitent.

830 1681 1021 1723 Pulcher
1043 1689 1136 1723 erat
1161 1683 1370 1724 comitem
1396 1682 1650 1724 Thersitem
1675 1689 1836 1725 nactus
1861 1681 2078 1736 Ulysses;

888 1751 1080 1793 Pulchra
1104 1752 1371 1793 Vetustinae
1395 1751 1542 1795 Gellia
1564 1752 1717 1794 iuncta
1739 1751 1836 1793 fuit.

830 1819 1025 1860 Lumina
1048 1819 1110 1861 sic
1134 1820 1304 1875 patriae
1334 1827 1488 1863 nostra
1512 1823 1564 1862 de
1586 1822 1708 1863 faece
1731 1820 1937 1870 nitorem,

888 1889 947 1929 Et
971 1890 1106 1930 decus
1128 1904 1154 1931 a
1178 1890 1284 1932 socii
1308 1891 1407 1932 labe
1430 1905 1622 1944 perenne
1644 1891 1834 1932 trahent.

831 1956 903 1997 Nil
928 1971 1023 2011 ego,
1049 1960 1152 2000 dum
1179 1959 1349 2014 patriae
1373 1960 1541 2014 possim
1565 1960 1742 2010 servire,
1766 1974 1982 2009 recusem,

889 2026 1035 2076 Scote‚
1060 2027 1170 2069 nihil
1194 2042 1393 2079 renuam,
1419 2030 1523 2071 dum
1547 2036 1625 2071 tua
1648 2029 1770 2071 iussa
1794 2043 1962 2083 sequar.
2000 2049 2002 2052 ·
2403 2027 2457 2068 80

832 2094 905 2136 Nil
930 2110 1010 2150 ego
1033 2095 1234 2148 formido,
1261 2097 1470 2152 quicquid
1494 2099 1694 2140 Fortuna
1718 2098 1937 2140 minetur:

891 2165 1057 2207 Nostra
1080 2166 1328 2220 patrocinio
1351 2173 1449 2209 tuta
1473 2168 1672 2210 Camena
1694 2174 1771 2210 tuo
1798 2175 1880 2209 est.

946 2334 997 2365 57.
1024 2325 1198 2366 Phocaei.]
1245 2327 1400 2368 Pylades.

946 2380 997 2418 58.
1022 2380 1219 2421 Aeacidae]
1263 2382 1425 2414 Achilles.

949 2435 1000 2464 60.
1027 2435 1180 2475 Comes]
1227 2436 1392 2468 Theseus.

947 2490 998 2528 76.
1023 2489 1233 2530 Vetustina]
1277 2491 1306 2521 A
1324 2501 1423 2522 name
1440 2492 1489 2523 for
1506 2502 1526 2523 a
1541 2491 1690 2533 deci-epit
1706 2502 1827 2524 erone:
1856 2490 2003 2530 Martial,
2021 2491 2085 2521 111.
2102 2499 2155 2530 93.

947 2544 998 2582 70.
1026 2544 1163 2584 Gellia]
1209 2545 1379 2586 Frequent
1396 2545 1429 2577 in
1449 2547 1584 2578 Martial
1602 2547 1651 2578 sor
1669 2556 1688 2578 a
1703 2552 1894 2579 courtesan.
