2594 3749
657 297 738 329 212

1467 294 1706 328 PARERGA.

1082 867 1308 908 XXXIII.
1344 864 1766 908 GARIOMARRA
1802 864 2038 906 NICARI.

836 1028 977 1083 Regia
1000 1043 1109 1083 quas
1132 1034 1305 1083 poterat
1330 1027 1521 1069 coniunx
1548 1026 1767 1081 sprevisse
1794 1026 1998 1076 tabellas,

893 1097 1086 1152 Perlegit
1110 1097 1200 1140 ficti
1225 1097 1512 1139 Gariomarra
1534 1095 1626 1137 viri.

835 1166 991 1209 Fictus
1016 1168 1194 1222 Hymen
1218 1173 1351 1216 certe,
1376 1180 1507 1220 quern
1531 1164 1687 1214 iactas,
1712 1164 1815 1206 ficta
1839 1164 2008 1219 rapina,

893 1235 1093 1290 Coniuge
1116 1238 1169 1278 de
1191 1242 1317 1290 rapta
1340 1235 1445 1277 ficta
1467 1234 1644 1289 querela
1666 1240 1743 1276 tua
1766 1240 1847 1276 est.

835 1305 977 1356 Absit,
1003 1312 1050 1347 ut
1073 1306 1262 1347 Arctoas
1285 1304 1401 1346 inter
1422 1303 1574 1358 regina
1598 1303 1784 1357 puellaS,

895 1374 968 1415 Me
990 1373 1157 1416 famulo
1180 1380 1368 1428 nuptam
1392 1372 1705 1427 mancipioque
1728 1378 1897 1426 putem.

837 1444 920 1485 Est
944 1443 1055 1484 mihi
1078 1443 1156 1493 vir,
1181 1442 1251 1485 cui
1274 1449 1323 1485 tu
1346 1443 1569 1496 quondam
1595 1441 1757 1483 servire
1781 1441 1968 1487 solebas,

896 1513 1168 1567 Sceptraque
1190 1511 1405 1553 fulminea
1427 1517 1574 1565 gestat
1597 1510 1717 1552 avita
1743 1524 1890 1552 manu.

839 1581 958 1623 Huic
982 1595 1052 1623 me
1075 1581 1298 1623 connubio
1322 1580 1507 1622 sociavit
1529 1579 1755 1634 Tygrana,
1780 1580 1907 1621 cuius

896 1650 1108 1692 Mollibus
1131 1649 1330 1704 imperiis
1353 1649 1531 1691 subdita
1556 1649 1768 1704 Nympha
1790 1648 1862 1690 fui.

837 1720 982 1773 Atque
1006 1718 1194 1769 utinam,
1219 1733 1352 1773 quam
1375 1725 1424 1760 tu
1446 1718 1635 1760 thalami
1659 1733 1737 1772 pro
1760 1724 1875 1760 teste
1899 1717 2063 1768 citasti,

896 1788 1005 1830 Visa
1028 1788 1111 1831 sibi
1139 1795 1288 1843 posset
1318 1788 1552 1830 Parrhasis
1574 1803 1678 1830 ursa
1700 1788 1832 1842 loqui.

840 1858 942 1899 Non
966 1872 1047 1911 ego
1070 1864 1198 1912 rapta
1220 1857 1327 1907 viro,
1352 1871 1432 1899 nec
1456 1857 1693 1899 moechum
1718 1864 1877 1912 sponte
1900 1863 2089 1911 sequuta

898 1927 1123 1977 Crederes,
1147 1933 1224 1968 aut
1249 1926 1436 1980 sceptris
1459 1926 1767 1981 postposuisse
1790 1927 1938 1968 fidem.

841 1996 986 2037 Lenta
1009 1995 1089 2036 fori
1111 1996 1280 2037 dudum
1304 1995 1526 2049 cepissent
1551 1994 1695 2048 iurgia
1718 1995 1867 2045 finem,

900 2064 1124 2118 Nullaque
1146 2065 1199 2105 de
1222 2070 1374 2106 nostro
1397 2063 1584 2117 coniuge
1608 2063 1700 2105 rixa
1722 2063 1849 2105 foret.

844 2134 1077 2189 Quamque
1101 2133 1209 2174 mihi
1233 2134 1456 2187 quondam
1482 2132 1698 2182 struxisti,
1723 2133 1887 2175 techna
1911 2139 2095 2187 pateret,

902 2202 1139 2256 Primaque
1162 2202 1298 2257 regali
1322 2202 1433 2244 retia
1454 2209 1582 2244 tensa
1604 2208 1711 2244 toro.

843 2271 1024 2314 Viribus
1047 2271 1227 2313 inferior
1248 2271 1449 2322 tentasti,
1474 2271 1651 2326 perfide,
1672 2270 1868 2313 vinclum

902 2341 1081 2382 Solvere
1103 2339 1266 2382 furtivo
1290 2339 1555 2382 connubiale
1578 2339 1694 2381 dolo.

846 2410 946 2451 Hoc
969 2423 1142 2464 quoque
1166 2423 1212 2450 se
1235 2414 1382 2450 tecum
1408 2408 1648 2450 maculavit
1671 2409 1802 2450 turba
1826 2408 2039 2450 clientum

903 2479 1111 2528 Crimine,
1134 2478 1364 2534 promissis
1386 2478 1615 2520 ludificata
1638 2478 1743 2520 tuis.

847 2549 973 2590 Haec
996 2548 1141 2590 scelus
1164 2554 1230 2589 est
1254 2547 1457 2590 confessa
1480 2562 1626 2597 suum,
1651 2547 1916 2601 veniamque
1939 2547 2127 2601 rogavit,

906 2616 1122 2672 Principis
1144 2623 1361 2671 augustos
1387 2623 1490 2658 ante
1517 2616 1669 2658 voluta
1692 2617 1839 2670 pedes.

844 2686 929 2737 Tu,
955 2688 1070 2741 quod
1095 2686 1139 2727 in
1163 2686 1232 2727 his
1255 2699 1445 2740 poenam
1469 2685 1641 2733 meruit,
1664 2699 1741 2739 pro
1763 2684 1947 2727 crimine
1970 2698 2159 2739 pugnaS,

906 2756 965 2797 Et
987 2754 1102 2809 tegis
1124 2754 1387 2805 admissum,
1411 2769 1497 2808 qua
1520 2761 1646 2808 potes
1669 2760 1778 2802 arte,
1803 2753 1940 2795 nefas.

850 2825 974 2879 Quae
999 2823 1194 2866 Domino
1217 2837 1358 2877 nuper
1379 2822 1566 2877 posuisti
1589 2821 1714 2872 retia,
1739 2819 1859 2863 novit

905 2893 1021 2935 Tota
1045 2892 1289 2935 Caledonio
1311 2899 1427 2934 terra
1451 2893 1533 2933 sub
1556 2906 1636 2933 axe
1659 2891 1821 2933 iacens.

2415 1660 2468 1690 10
2548 1637 2591 1733 j

2418 2341 2546 2380 20;
